3825 5384
795 572 1018 635 ..11-

462 748 589 835 Quibus
621 750 802 815 rationibus
834 749 1015 835 perspectis
1042 747 1105 812 hoc
1129 747 1270 814 efficitur
1293 746 1443 814 codicum

372 872 522 926 stemma:

724 989 748 1029 x

665 1054 806 1247 1³<st
808 1182 849 1265 χ

814 1292 925 1512 ἐκ

864 1627 911 1692 Vl
957 1628 1003 1692 V²

462 1753 506 1818 Et
531 1753 684 1841 quoniam
707 1752 748 1818 de
771 1751 930 1818 librorum
952 1751 1084 1816 familiis
1110 1753 1146 1815 in
1168 1752 1359 1817 universum
1383 1750 1445 1815 dis-

373 1870 525 1948 putatum
548 1870 606 1944 est,
630 1860 799 1925 videamus
823 1860 898 1942 iam,
923 1882 1007 1948 quae
1023 1858 1225 1945 singulorum
1239 1858 1396 1924 librorum
1411 1860 1446 1923 in

375 1980 445 2034 arte
469 1968 585 2033 critica
608 1967 789 2033 factitanda
814 1968 989 2032 auctoritas
1013 1966 1166 2032 habenda
1187 1968 1239 2033 sit.
1285 1964 1395 2054 Atque
1417 1965 1445 2029 P

375 2074 507 2163 quidem
529 2076 563 2140 in
587 2074 730 2139 discordi
752 2071 909 2139 librorum
931 2074 1087 2139 memoria
1109 2082 1225 2160 quater
1243 2096 1358 2138 veram
1380 2095 1445 2138 ser-

793 2209 814 2240 ω

376 2255 470 2320 vavit
493 2253 681 2319 lectionem:
707 2255 763 2335 §5
787 2210 945 2333 εἶςσαύτεος
968 2250 1170 2334 Ρεῖσαύτως
1192 2276 1226 2339 y,
1251 2256 1306 2334 §7
1328 2242 1369 2319 οὗ
1388 2250 1446 2340 τὴν

374 2351 519 2451 Ραῦτήν
533 2384 568 2450 y,
593 2363 671 2443 §22
696 2354 806 2439 αὐτοῖς
829 2360 856 2424 Ρ
879 2355 993 2439 αὐτοῖς
1015 2354 1182 2449 αὐτοῖς-γ,
1209 2360 1239 2424 Β
1265 2363 1319 2441 §l
1346 2350 1392 2438 aig
1414 2359 1447 2425 ἐν

377 2468 405 2532 Ρ
428 2468 520 2534 deest
543 2459 588 2547 οἷς
609 2468 643 2532 in
665 2492 704 2557 γ,
729 2468 831 2534 ceteri
853 2466 929 2531 libri
952 2467 1138 2554 quinquies:
1164 2471 1183 2551 ξ
1206 2469 1226 2533 3
1250 2460 1304 2557 iius
1326 2491 1350 2555 y
1372 2455 1447 2555 iicet

375 2577 413 2659 P,
438 2581 458 2658 ξ
483 2578 500 2641 7
528 2568 624 2642 πολλ’
643 2564 780 2642 ἇέκοντα
803 2598 827 2661 y
849 2569 960 2642 πολλοὶ
984 2564 1123 2641 ἀέκοντα
1146 2573 1185 2657 P,
1216 2578 1236 2656 ξ
1260 2576 1302 2640 32
1325 2573 1448 2663 κηρίων

375 2706 399 2773 y
422 2680 535 2773 κηρίον
557 2681 594 2763 P,
621 2686 641 2763 ξ
665 2684 709 2749 40
731 2682 862 2771 πρέπον
884 2705 908 2768 y
930 2680 1073 2770 πρέπων
1094 2681 1132 2764 Ρ,
1162 2685 1181 2762 ἕ
1205 2684 1250 2747 40
1272 2676 1449 2759 ἐπακούεις

376 2814 401 2881 y
424 2780 602 2869 ὖπακούεις
623 2788 660 2855 Ρ.
705 2788 811 2854 locum
834 2794 854 2871 ἕ
878 2792 936 2873 21,
964 2788 1022 2853 ubi
1047 2799 1139 2854 certa
1161 2790 1287 2853 ratione
1310 2789 1359 2853 uti
1382 2810 1447 2852 non

374 2898 463 2980 licet,
499 2898 601 2963 omisi.
648 2906 784 2982 apparet
805 2898 907 2983 igitur
928 2905 1078 2961 neutram
1105 2895 1262 2961 librorum
1292 2895 1449 2960 familiam

377 3006 480 3070 altera
511 3004 670 3089 potiorem
701 3003 887 3068 habendam
917 3025 997 3069 esse.
1043 3025 1140 3089 porro
1165 3004 1206 3069 de
1229 3001 1353 3067 familia
1374 3026 1398 3091 y
1421 3003 1449 3066 si

377 3112 568 3199 quaesieris,
594 3133 677 3198 quae
702 3112 743 3176 sit
766 3110 966 3198 singulorum
989 3112 1058 3176 eius
1080 3109 1238 3177 librorum
1261 3110 1448 3193 auctoritas,

377 3218 481 3284 facilis
504 3241 557 3284 ree
581 3220 643 3283 erit
666 3217 854 3284 diiudicatu.
902 3221 926 3281 Ο
950 3220 1038 3284 enim
1061 3241 1081 3282 a
1102 3217 1194 3283 libris
1216 3241 1235 3281 τ
1259 3218 1306 3281 ita
1320 3226 1448 3282 tantum

375 3326 513 3402 recedit,
536 3334 573 3389 ut
595 3348 687 3391 mera
709 3326 830 3390 menda
852 3348 911 3411 pro
934 3324 1044 3391 verbis
1066 3326 1152 3389 veris
1177 3324 1277 3389 addat
1301 3324 1449 3409 exceptis

377 3432 481 3499 tribus
504 3432 597 3498 locis:
623 3436 643 3513 ξ
661 3434 702 3498 19
721 3429 884 3520 βάραθρα,
911 3435 990 3514 §20
1007 3429 1232 3521 ποδάνιπτρα,
1258 3431 1286 3495 Β
1308 3433 1365 3513 §3
1389 3433 1448 3499 δεῖ.

379 3562 486 3627 neque
518 3541 605 3604 enim
637 3541 701 3621 §5
734 3540 862 3628 πλουτῇ
893 3539 919 3606 O
951 3543 1080 3629 πλοοτη
1103 3563 1137 3623 τ,
1170 3544 1189 3621 ἕ
1214 3542 1233 3606 6
1264 3539 1391 3623 μέλανα
1422 3537 1449 3605 O

378 3643 536 3733 μελανοὶτ
559 3648 594 3712 in
617 3669 752 3711 censum
774 3648 920 3713 veniunt.
959 3670 1157 3735 quamquam
1179 3648 1282 3733 igitur
1297 3646 1324 3713 Ο
1340 3656 1450 3714 aucto-

377 3756 474 3820 ritate
496 3777 563 3820 non
584 3753 681 3840 plane
705 3763 804 3835 caret,
828 3764 940 3820 tamen
962 3755 997 3818 in
1019 3754 1144 3819 familia
1166 3753 1268 3819 altere
1283 3753 1333 3841 (y)
1348 3754 1449 3819 multo

380 3862 512 3927 maioris
534 3861 631 3947 pretii
652 3859 752 3925 libros
774 3884 793 3925 τ
816 3884 887 3926 esse
910 3870 1064 3926 accurate
1087 3862 1255 3947 perpensis
1274 3860 1449 3926 lectionum

379 3966 588 4051 differentiis,
613 3989 694 4055 quas
717 3990 815 4054 supra
838 3969 1002 4055 congessi,
1027 3966 1125 4032 facile
1147 3966 1361 4053 intellegitur3
1390 3967 1450 4033 ibi-

379 4074 518 4161 demque
552 4074 722 4141 docuimus
754 4085 820 4141 tres
850 4074 921 4141 illos
948 4073 1048 4141 libros
1076 4072 1187 4139 classis
1210 4097 1229 4138 τ
1250 4074 1285 4138 in
1313 4073 1451 4139 ducrum

379 4190 508 4248 tentum
530 4182 663 4249 testium
685 4181 714 4246 L
731 4192 764 4248 et
779 4207 802 4248 v
817 4184 873 4270 (=
890 4183 936 4248 V1
952 4193 986 4248 et
1001 4180 1059 4268 V2)
1083 4179 1154 4248 loco
1177 4179 1344 4246 habendos
1367 4204 1449 4246 esse.

382 4310 461 4368 quae
501 4311 577 4354 cum
614 4290 660 4379 iia
700 4290 764 4354 sint
806 4311 912 4378 neque
949 4287 1033 4355 liber
1070 4310 1153 4353 unus
1191 4290 1307 4354 ceteris
1345 4310 1451 4374 neque

1198 4396 1236 4447 2*
