3825 5384
118 2882 119 2951 υ

118 3378 120 3481 λ

118 3578 119 3671 i

118 3738 120 3841 λ

118 3884 121 4007 Ι

118 4080 121 4173 Ι

118 4238 120 4351 λ

118 4408 120 4533 ί

118 4580 120 4705 λ

118 4938 120 5019 λ

382 848 497 927 quater
520 838 574 925 (of.
599 836 713 903 Herm.
729 837 868 901 XXXII
892 840 945 921 38,
970 838 1027 903 ubi
1049 838 1129 904 loeis
1153 862 1173 904 a
1195 839 1452 926 Dittenbergero

380 946 575 1013 enumeratis
598 943 785 1011 addendum
808 953 858 1010 est
879 944 984 1010 Thue.
1007 944 1057 1009 IV
1074 948 1125 1013 98.
1142 945 1176 1030 7)
1200 956 1300 1031 extat,
1324 950 1452 1031 saepius

381 1054 468 1139 apud
492 1052 595 1119 solum
617 1051 786 1117 Platonem
811 1051 973 1139 (Dittenb.
996 1051 1016 1118 L
1039 1051 1062 1116 l.
1085 1076 1115 1137 p.
1134 1055 1188 1120 39.
1211 1063 1279 1120 not.
1305 1053 1348 1141 2),
1373 1077 1451 1120 non-

381 1183 549 1250 nunquam
573 1159 661 1244 apud
683 1158 861 1224 Aristidem
885 1159 939 1241 (ef.
965 1158 1098 1225 Sehmid
1121 1159 1268 1250 11:130).
1394 1212 1398 1222 .

468 1272 700 1335 συνεστῶσιν
724 1271 743 1349 ξ
761 1269 815 1334 28.
864 1266 963 1332 semel
982 1266 1069 1351 apud
1084 1267 1166 1334 Plat.
1184 1268 1279 1351 (Tim.
1297 1290 1329 1351 p.
1347 1266 1449 1352 33A).

380 1399 423 1443 ex
454 1374 685 1461 posterioribus
717 1394 754 1439 eo
787 1374 840 1439 usi
871 1384 947 1439 suut
977 1374 1105 1463 Polyb.,·
1136 1374 1201 1441 Dio
1234 1374 1322 1458 Hal„
1354 1374 1450 1459 pleri·

380 1506 443 1571 que
466 1482 530 1548 alii.
1392 1519 1394 1524 ,

468 1580 590 1681 ὂδμῆς
612 1590 701 1673 §lia
748 1588 853 1654 forma
875 1585 1012 1654 Aeolioa
1035 1589 1089 1673 (ef.
1106 1588 1257 1655 Pa-Plut.
1278 1589 1336 1654 vit.
1352 1589 1406 1655 Ho
1441 1639 1449 1655 .

378 1698 413 1762 Π
437 1696 492 1785 10)
516 1695 570 1762 vel
592 1696 706 1761 Ionica
730 1695 783 1779 (ef.
809 1694 915 1760 Bekk.
935 1695 1062 1770 Aneed.
1087 1698 1141 1779 56,
1165 1695 1233 1781 30),
1257 1695 1315 1761 sed
1337 1696 1451 1762 eadem

379 1803 499 1889 legitur
512 1804 547 1867 in
563 1802 730 1868 Plutarchi
752 1824 861 1886 praee.
878 1802 1019 1867 eonnub.
1042 1826 1073 1887 p.
1093 1802 1204 1869 1440:
1229 1798 1285 1871 τδν
1301 1801 1451 1893 αἴλουρον

378 1900 465 2001 άδμῇ
486 1908 595 1998 μύρων
618 1907 891 1997 ἐκταράττεσθαι.

679 2162 715 2247 β)
743 2164 782 2229 in
806 2160 966 2245 syntaxi3
998 2184 1159 2248 agamque

722 2302 781 2392 αα)
806 2303 852 2370 de
874 2305 1106 2369 nominibus.

465 2446 511 2513 In
535 2446 704 2512 artieulo
728 2447 909 2531 ponendo
933 2455 1038 2512 oertas
1061 2470 1191 2513 normas
1213 2470 1279 2513 non
1302 2448 1451 2535 sequitur

277 2550 279 2555 ’
378 2564 502 2621 nosterz
534 2555 665 2620 nomina
692 2554 825 2638 propria
851 2555 972 2637 partim
1001 2555 1169 2641 coniungit
1196 2576 1271 2620 eum
1302 2555 1450 2638 articulo,

377 2662 496 2749 partim
512 2662 601 2727 nuda
616 2662 722 2745 ponit:
740 2661 780 2726 of.
794 2654 1003 2747 Ἱππόμαχος
1017 2664 1037 2747 ξ
1055 2664 1084 2728 1.
1109 2653 1258 2752 (Όμηρος
1272 2664 1292 2745 ἕ
1304 2665 1333 2727 4.
1367 2662 1449 2750 παρ’

379 2760 513 2858 Ὁμήρῳ
546 2770 620 2853 ἐξ).
680 2768 823 2849 Βίαντος
854 2768 911 2835 καὶ
941 2763 1209 2854 Ἐπαμεινώνδου
1241 2771 1260 2855 ξ
1286 2772 1339 2839 29.
1387 2758 1449 2835 ἄπ’

373 2870 588 2965 Ἀλεξάνδρου
619 2876 711 2960 §373
746 2885 781 2941 at
804 2886 933 2942 eontra:
966 2874 1052 2943 κατὰ
1083 2871 1148 2943 τδν
1180 2873 1350 2965 Βριάρεων
1373 2880 1394 2958 5
1417 2878 1448 2943 5.

273 2988 275 2995 '
378 2979 416 3051 τὸ
443 2988 511 3051 τοῦ
533 2979 712 3070 Κρωβύλου
735 2984 754 3067 §
775 2985 806 3051 6.
852 2978 937 3050 κατά
965 2978 1031 3049 τὸν
1060 2981 1245 3072 Σιμωνίδην
1268 2986 1288 3068 ξ
1312 2985 1343 3049 6.
1390 2982 1450 3052 ἐπὶ

379 3095 445 3159 τοῦ
474 3088 652 3157 Φιλίππου
679 3090 698 3175 ἕ
722 3094 753 3158 9.
801 3082 818 3159 δ
845 3091 906 3175 μὲν
939 3090 1000 3179 γὰρ
1032 3086 1236 3180 Ξενοκράτης
1267 3091 1364 3176 §43-
1410 3090 1448 3160 τὸ

375 3200 442 3265 τοῦ
465 3190 683 3286 Ξενοκράτους
705 3200 724 3283 §
748 3200 801 3265 44.
854 3207 1027 3284 praeterea
1049 3196 1205 3263 nonnulla
1228 3197 1340 3281 verba,
1364 3221 1449 3287 quae

377 3306 555 3371 abstractas
587 3305 773 3392 significant
802 3328 853 3370 res
882 3316 939 3370 aut
969 3328 1053 3391 quae
1081 3304 1346 3389 philosophorum
1373 3317 1449 3372 sunt

376 3413 520 3497 propria,
555 3411 690 3477 articulo
715 3422 829 3477 carent
852 3413 906 3499 (ef.
931 3411 1065 3478 Schmid
1087 3412 1136 3479 IV
1152 3414 1223 3497 65):
1257 3403 1448 3498 εὗδαιμονία

380 3522 417 3604 ἓξ
441 3522 472 3585 2.
496 3523 526 3586 4.
572 3514 731 3608 εὐγένειαν
753 3519 810 3587 καὶ
834 3516 930 3600 δόξαν
961 3522 1034 3604 ἓ3.
1079 3524 1248 3611 θαρρῆσαι
1279 3520 1337 3588 καί
1370 3514 1448 3588 άδο-

378 3624 531 3707 §issara
555 3628 620 3712 §8
667 3626 725 3694 καί
748 3624 827 3707 δόξα
849 3626 908 3694 καί
930 3622 1087 3717 ἡγεμονία
1110 3629 1198 3713 §ffi-
1245 3618 1446 3719 άρχὴνξ28.

376 3728 438 3801 ὑπ’
467 3722 607 3826 άμοιβῆς
634 3735 653 3820 ξ
678 3736 730 3803 30.
776 3724 981 3822 άναρμοστία
1010 3735 1106 3819 §38
1152 3733 1230 3824 περὶ
1258 3733 1449 3820 ἐπιμελείας

378 3838 445 3909 καί.
469 3844 487 3927 5
512 3843 565 3909 40.
611 3840 697 3930 πρδς
720 3840 923 3931 φιλοσοφίαν
946 3842 965 3925 ἕ
989 3842 1041 3906 43.
1079 3840 1144 3906 huo
1166 3843 1265 3907 etiam
1287 3841 1448 3907 trahenda

380 3958 454 4015 sunt
484 3949 601 4035 verba,
635 3972 719 4037 quae
751 3972 845 4015 sensu
877 3948 994 4014 latiore
1025 3950 1131 4032 posita
1166 3951 1357 4016 universum
1389 3950 1446 4015 ali·

359 4048 467 4141 'quod
499 4079 610 4122 rerum
642 4056 696 4122 vel
727 4055 894 4122 hominum
927 4076 1031 4141 genus
1063 4056 1261 4142 significant,
1304 4066 1342 4122 ut
1372 4066 1448 4122 sunt

293 4206 300 4213 ·
378 4152 492 4251 άνδρδς
514 4152 732 4253 δπερηφάνοο,
765 4165 918 4253 φειδωλῷ
949 4164 968 4248 5
995 4163 1046 4229 18.
1092 4164 1247 4247 πλοῦτος,
1276 4169 1446 4252 μαγειρεῖα

376 4269 433 4336 καί
464 4262 621 4359 βάραθρα
654 4272 672 4355 ἓ
698 4273 749 4337 19.
797 4267 911 4348 πόλεις
942 4270 1001 4337 καί
1033 4266 1129 4349 ναούς
1159 4271 1178 4356 ὅ
1203 4273 1256 4339 25.
1302 4276 1444 4361 σφηκῶν,

376 4374 530 4460 μέλισσαι
562 4379 652 4461 526.
707 4377 741 4445 ἐν
774 4375 899 4466 κόσμῳ,
932 4376 1011 4467 περὶ
1046 4374 1153 4459 πόλιν,
1188 4372 1372 4467 ἅνθρωπος
1409 4377 1446 4445 δὲ
