3825 5384
845 598 1069 664 -42-

363 778 408 843 30
503 769 563 864 χρὴ
587 774 700 859 μέντοι
721 772 779 841 καὶ
806 773 881 867 τοὺς
909 773 1095 866 έπιόήμοος
1121 776 1229 857 ξένους
1255 774 1302 866 μὴ
1329 772 1495 844 καθάπαν

417 883 541 980 ὥσπερ
549 886 796 1025 ΐσυμβούλοηςιη
816 897 1032 979 καρποῦσθαι
1054 887 1115 983 την
1137 889 1248 975 πόλιν,
1275 882 1359 959 άλλά
1382 919 1416 960 τι
1435 892 1494 959 καὶ

417 1005 636 1096 συνεισφέρειν
659 996 776 1085 αὗτους
796 1004 956 1099 χρήσιμον
980 1014 1020 1097 τῇ
1043 1005 1157 1089 πόλει,
1185 1004 1228 1075 ἳν’
1201 999 1321 1075 νοῖον
1344 997 1494 1076 άνταπό-

363 1128 404 1193 31
417 1126 506 1204 δοσις
533 1122 684 1212 γίγνηται
711 1124 771 1191 καὶ
798 1119 944 1211 σαίζηται
972 1114 1147 1192 κάνταῢθα
1174 1122 1212 1193 τὸ
1236 1121 1375 1192 δίκαιον.
1421 1121 1493 1193 έστι

417 1241 455 1307 δέ
490 1234 613 1331 άμοιβη
634 1236 770 1327 <μετοὶ>
803 1233 1011 1330 δικαιοσύνης
1042 1239 1099 1307 καὶ
1127 1238 1289 1330 σωτήριον
1318 1232 1428 1329 ὥσπερ
1457 1240 1491 1307 ἐν
1519 1260 1532 1297 ⁵

415 1354 527 1445 κόσμῳ
550 1356 607 1425 καί
631 1358 711 1447 περὶ
734 1354 848 1425 πόλιν·
872 1355 911 1423 τὸ
935 1350 996 1446 γάρ
1020 1346 1287 1443 ἀπαναλούμενον
1309 1358 1367 1425 καὶ
1390 1358 1493 1442 ἐμπι-

415 1470 583 1559 πλάμενον
606 1467 766 1541 οὐδέποτε
788 1470 913 1558 κάμνει.
949 1472 1006 1538 καὶ
1031 1462 1214 1561 άνθρωπος
1232 1474 1268 1541 δὲ
1283 1472 1491 1558 καὶοιάματα

340 1654 341 1658 ,
414 1590 606 1679 έκτρέφεται
619 1584 822 1679 ὕπ’άμοιβης
833 1588 890 1656 καὶ
903 1586 1053 1669 σώζεται,
1066 1590 1179 1679 μέχρις
1190 1584 1229 1657 ἂν
1242 1580 1304 1656 ὦσι
1316 1589 1491 1678 διαλλαγαὶ

414 1712 480 1794 τῶν
503 1696 673 1774 άπιόντων
694 1701 827 1793 <πρὸς>
852 1700 893 1771 τά
917 1702 1110 1794 προσιόντα.
1150 1701 1337 1795 *ῆιτροφάς
1359 1704 1490 1793 σάματι

417 1822 596 1960 κενουμένην
620 1812 815 1911 άποκρίοεις
838 1811 1019 1911 άμοιβῆς’
1003 1814 1150 1907 ονίματα
1173 1848 1262 1890 οντα.
1269 1821 1325 1908 ηι**
1504 1839 1530 1879 1⁰

285 1990 290 1999 =
362 1942 406 2006 32
505 1937 590 2006 κατὰ
623 1936 666 2029 δη
697 1965 730 2005 τι
762 1943 910 2006 τοιοῦτον
937 1934 1105 2031 διαβόημα
1132 1964 1191 2005 και
1218 1943 1259 2028 τῇ
1288 1935 1386 2006 πόλει
1413 1940 1489 2029 τῇδε

414 2052 602 2141 νενόμισται
625 2053 701 2135 τοὺς
723 2050 937 2133 εἰσπλέοντας
958 2052 1093 2143 (πρὸς)
1113 2048 1175 2133 τοῖς
1197 2045 1300 2143 ἀρχάς
1314 2044 1489 2122 άποτελεῖν

415 2160 460 2240 ὧν
480 2168 691 2260 <εἱσ>άγουσι
714 2164 847 2255 (ὠνίων
868 2168 943 2251 τοὺς
966 2168 1121 2259 φόρους),
1146 2166 1183 2237 οἳ
1201 2170 1282 2259 περὶ
1304 2165 1365 2262 τὴν
1389 2166 1490 2238 πόλιν

412 2286 591 2377 γίγνονται·
616 2282 719 2367 ὡςδὲ
741 2292 808 2353 τῶν
829 2283 1015 2377 χρημάτων,
1040 2287 1098 2354 καί
1120 2286 1261 2369 ἐκείνων,
1287 2275 1332 2354 ὧν
1352 2288 1490 2367 ἕκαστος

413 2404 448 2471 έν
475 2409 516 2493 τῇ
545 2410 632 2493 ψυχῇ
657 2402 749 2493 φέρει
773 2402 889 2470 τεκαὶ
912 2391 984 2491 άγει
1009 2403 1180 2494 χρησίμων
1207 2399 1298 2486 άξιον
1324 2400 1362 2473 τὸ
1388 2404 1487 2494 μέρος
1502 2418 1528 2457 1⁵

414 2520 628 2601 ἐπιστέλλειν,
645 2513 729 2586 ἄλλά
744 2514 790 2610 μὴ
807 2511 876 2587 οἷον
891 2524 1042 2611 κηφῆνας
1058 2510 1262 2606 άσυμβόλους
1277 2521 1312 2588 έν
1325 2518 1488 2606 μελισσῶν

408 2635 512 2713 πόλει
539 2638 777 2718 διαπέτεσθαι,
802 2624 1070 2721 άποβλίσσοντας
1092 2627 1164 2706 άπὸ
1188 2644 1253 2704 τιῦν
1274 2635 1487 2775 μαθημάτων

413 2754 472 2821 καὶ
512 2752 651 2839 βιβλίων
689 2778 804 2840 ωσπερ
837 2751 973 2843 κηρίων,
1012 2743 1129 2833 αὗτοις
1163 2754 1264 2842 μηδὲν
1299 2759 1347 2841 τῷ
1381 2751 1485 2843 κηρίῳ

358 2870 402 2941 33
414 2869 667 3009 προστιθέντας.
692 2868 911 2957 dec'll'
881 2894 979 2937 ιεντοι
991 2874 1150 2957 συνεργεῖν
1162 2870 1225 2955 hie*
1235 2869 1301 3007 τηηι
1310 2866 1485 2957 προθυμίᾳ

411 2985 469 3053 καὶ
506 2977 614 3075 εὖνοίηι
652 2984 731 3073 περὶ
767 3011 824 3075 την
857 2979 1010 3053 πόλιν
990 2984 1124 3075 αρίστη
1157 2984 1215 3052 καὶ
1246 2983 1357 3073 ἔμοιγε
1388 2990 1483 3051 τοῦτο
1499 3002 1527 3040 ²0

411 3126 579 3195 προσηκον
602 3100 786 3189 ἐξαιρέτως·
814 3106 881 3167 ταῖν
904 3126 939 3169 τε
968 3096 1029 3190 γάρ
1056 3090 1210 3189 λόγων
1188 3098 1408 3192 ηγεμονεάσιο,
1441 3128 1486 3167 ων

500 3332 516 3387 2
537 3325 710 3405 συμβοῦλους
738 3338 926 3405 corruptum:
955 3332 991 3388 cf.
1014 3340 1173 3388 comment.
1228 3334 1245 3387 ὅ
1273 3327 1345 3405 μετά
1374 3330 1486 3387 adiecit

409 3432 481 3488 Keil
535 3434 552 3487 6
572 3425 797 3504 ἐμπιπλάμενον
815 3450 836 3487 v
889 3434 906 3487 9
926 3427 997 3504 πρὸς
1019 3437 1115 3488 inseri
1131 3432 1199 3487 vuli
1216 3432 1301 3487 Keil:
1324 3435 1484 3502 sequentia

408 3534 544 3585 restituit
569 3530 648 3585 Keil.
679 3528 713 3584 cf.
739 3536 913 3585 commend:
936 3532 1031 3586 verba
1053 3522 1248 3602 τροφὰς-ὅντα
1270 3535 1304 3585 in
1327 3528 1483 3586 codicibus

408 3633 479 3700 posi
501 3630 528 3680 οἳ
549 3628 613 3682 1,13
642 3627 680 3699 (οἱ
702 3628 768 3700 ΡΟ)
790 3634 907 3685 extent:
927 3647 1052 3686 sensum
1070 3630 1151 3683 hunc
1172 3633 1278 3684 censet
1303 3646 1371 3684 esse
1394 3628 1484 3682 Keil:

407 3717 482 3797 (ἤδη
505 3722 559 3798 γάρ
581 3732 639 3785 τοῖς
661 3729 791 3787 παλαιοῖς
816 3722 1016 3781 ἀποδέδεικται
1034 3718 1197 3798 πάνθ’ἱίπερ
1219 3728 1358 3799 λέγομεν)
1379 3720 1484 3797 τροφὰς

407 3820 516 3897 σάματι
538 3826 742 3896 (πληρουμένῳ
764 3827 830 3892 καὶ)
852 3830 1011 3899 κενουμένην
1034 3820 1202 3897 ἀποκρίσεις,
1222 3819 1341 3898 ἀμοιβῆς
1360 3818 1483 3896 ὀνόματα

407 3914 475 3977 ὅντα
534 3924 568 3978 15
598 3917 677 3993 άγειν
705 3923 728 3979 O
793 3927 826 3979 17
857 3920 1064 3998 άμβλίσσοντας
1091 3918 1148 3978 ὑπὸ
1176 3922 1261 3978 codd.
1325 3923 1360 3978 18
1386 3928 1484 3995 κηρίον

406 4019 499 4094 μηδὲν
525 4014 625 4081 αὐτούς
646 4021 671 4075 Ρ
732 4022 766 4077 19
793 4025 884 4093 πολλῷ
910 4031 940 4079 ei
964 4023 996 4077 δὲ
1020 4024 1054 4097 τῇ
1078 4027 1233 4093 corrupte:
1257 4017 1363 4081 παντὸς
1384 4025 1484 4093 μέντοι

407 4125 551 4192 συνεργεῖν
568 4118 665 4190 (τοῖς)
682 4120 747 4193 τῇδε
771 4121 915 4195 προθυμία
939 4126 987 4177 καὶ
1011 4117 1106 4189 εὐνοίᾳ
1130 4123 1194 4192 περὶ
1213 4115 1265 4188 τὴν
1282 4112 1366 4173 πόλιν
1384 4114 1483 4194 άρίστη

405 4223 564 4291 proposuit
582 4218 666 4274 Keil:
687 4236 726 4273 an
745 4215 852 4280 πάντας
869 4226 969 4293 μέντοι
986 4225 1132 4291 συνεργεῖν
1145 4217 1191 4272 δεῖ
1203 4220 1236 4292 τῇ
1249 4222 1396 4289 προθυμία
1408 4215 1483 4271 ντί]

407 4318 443 4373 20
463 4311 561 4389 ἀρίστη
582 4316 666 4371 codd.
