3825 5384
861 644 1085 709 „48-

435 819 606 911 προῄει·
633 872 640 886 .
667 872 674 886 .
700 874 707 887 .
734 874 741 887 .
767 814 930 908 προϊών
965 820 1001 889 δέ
1036 821 1175 911 φοβερὸς
1208 811 1248 912 ἦν
1282 814 1326 901 οἷς
1359 819 1405 913 μή
1437 850 1511 889 τινα

436 928 680 1017 προσιέναι,
714 918 797 994 ἄλλα
822 927 878 995 καί
907 922 982 1007 τοὺς
1009 919 1261 1013 ὗπαντωμένονς
1285 923 1509 1019 ἀναστρέφειν.

438 1035 539 1103 ve'rbo
563 1035 716 1124 προϊέναι
738 1036 839 1120 igitur
861 1058 927 1099 una
950 1057 1032 1100 vooe
1055 1036 1090 1101 id
1112 1035 1193 1099 mihi
1208 1036 1341 1100 videtur
1356 1038 1509 1122 exprimi,

439 1144 479 1209 de
504 1166 567 1231 quo
582 1142 676 1229 plura
690 1141 870 1206 hariolatur
884 1142 1045 1207 Aristides
1067 1144 1102 1207 in
1118 1154 1198 1209 orat.
1214 1143 1368 1208 XXVIII
1386 1146 1450 1211 101
1461 1144 1509 1227 K,

438 1261 486 1317 est
509 1261 620 1316 autem
642 1249 776 1341 gloriari
799 1248 908 1335 aliqua
931 1250 1041 1315 revel
1065 1250 1248 1336 superbire,
1280 1250 1313 1315 id
1344 1250 1431 1337 quod
1455 1272 1509 1335 op-

438 1360 517 1424 time
550 1356 689 1445 quadrat
721 1358 756 1420 in
787 1355 917 1423 illorum
939 1356 1107 1422 hominum
1129 1380 1241 1445 genus.
1265 1398 1310 1406 —
1334 1357 1510 1443 proverbio

438 1464 689 1531 increbruerunt
712 1464 816 1530 verba
838 1465 962 1552 μακροί
990 1462 1151 1553 τυράννων
1176 1471 1287 1554 χεῖρες.
1333 1468 1400 1530 iam
1423 1464 1511 1550 apud

438 1571 642 1638 Herodotum
664 1570 743 1636 talia
765 1570 903 1658 legimus
928 1572 1025 1658 (VIII
1042 1575 1117 1656 140,
1134 1571 1183 1656 2):
1207 1574 1263 1640 καί
1287 1571 1347 1660 γὰρ
1375 1569 1511 1657 δύναμις

437 1672 522 1768 ὑπὲρ
557 1667 737 1767 ἔνθρωπον
770 1674 805 1768 ἡ
824 1679 977 1763 βασιλέος
1011 1678 1081 1746 ἐστὶ
1107 1664 1173 1747 ’καὶ
1205 1681 1291 1767 χείρ’
1309 1672 1509 1769 ὑπερμήκης.

437 1795 607 1874 praeterea
631 1786 672 1851 ef.
696 1786 853 1851 Paroem
867 1785 983 1853 Graec,
1007 1786 1383 1855 ed.L.-sehn.11517.
1429 1785 1509 1851 Poll.

437 1894 561 1960 11151.
608 1916 669 1958 neo
691 1915 758 1957 non
780 1895 815 1957 in
831 1894 1050 1959 Romanorum
1073 1916 1169 1959 usum
1192 1896 1328 1959 cessisse
1351 1894 1414 1957 hoo
1437 1916 1510 1977 pro·

436 1999 586 2066 verbium
605 2002 647 2065 ab
669 1998 789 2065 Ovidio
814 2000 980 2083 doeemur,
1004 2002 1061 2088 qui
1083 2004 1118 2066 in
1133 2001 1317 2067 Heroidum
1340 2023 1390 2086 ep.
1410 1999 1510 2065 XVH

414 2106 416 2111 ’
439 2110 518 2176 166;
547 2128 611 2172 «aa
634 2106 743 2173 neseis
766 2107 882 2191 ίοιιραε
905 2106 1040 2192 νεμίίικε
1062 2129 1132 2175 esse
1154 2107 1317 2175 moaa3?»

389 2213 411 2277 4
524 2214 579 2279 Ad
602 2214 705 2279 verba
728 2204 785 2282 oria
809 2214 993 2304 ἐφικνεῖται
1015 2212 1083 2282 ari.
1131 2216 1172 2279 of,
1195 2215 1352 2281 Aeschin.
1376 2214 1507 2281 11149:

434 2321 472 2391 τὸ
496 2318 556 2411 γὰρ
586 2322 704 2409 ψευδές
730 2309 854 2401 ἷίνειὸος
882 2316 919 2388 οὗ
946 2322 1131 2411 περαιτέρω
1156 2330 1214 2413 τῆς
1236 2312 1336 2412 οἶκοῆς
1358 2312 1506 2411 ἀφικνεῖ-

433 2456 500 2497 ται.
517 2466 558 2477 -—
576 2437 685 2493 orator
702 2451 781 2494 vere
804 2429 982 2515 sophistam
1004 2452 1039 2493 se
1061 2439 1207 2515 praestat
1228 2430 1263 2494 in
1286 2427 1505 2515 sequentibus,

434 2559 508 2602 oum
540 2545 689 2601 veterum
722 2537 1010 2621 grammaticorum
1042 2536 1138 2602 verbi
1169 2534 1371 2627 καταμονίην
1403 2535 1505 2621 expli·

436 2645 557 2708 cationi
590 2666 682 2707 suam
717 2644 849 2730 opponit
881 2644 1195 2729 interpretationem.
1251 2644 1291 2709 ef.
1328 2643 1427 2709 schol.
1463 2642 1505 2706 ad

434 2758 469 2818 Χ
483 2752 548 2817 257
565 2761 597 2816 et
619 2752 738 2817 111661.
777 2751 913 2816 Homeri
936 2753 1025 2816 euim
1050 2762 1252 2817 enarratores
1276 2753 1381 2838 ipsam
1402 2752 1504 2815 victo·

376 2932 379 2937 A
433 2859 516 2923 riam
544 2880 617 2922 oum
647 2858 846 2924 contendant
870 2877 940 2923 osse
965 2858 1181 2950 καταμονίην,
1209 2871 1320 2924 noster
1342 2860 1410 2925 vim
1433 2880 1505 2921 eam

435 2967 664 3051 interpretatur
697 2977 729 3031 et
761 2964 916 3033 laborem.
941 3004 985 3012 -
1011 2964 1101 3050 ίοχύς
1132 2967 1204 3034 καίΙ
1223 2956 1352 3033 εὗτονία
1384 2966 1506 3030 stoicae

433 3071 654 3159 philosophiae
682 3083 757 3137 suut
780 3073 920 3159 propria.
968 3073 1009 3137 of.
1035 3072 1150 3139 Galen.
1176 3073 1253 3162 περί
1276 3064 1424 3159 (Ιπποκρ.
1448 3070 1505 3138 καί

433 3172 614 3259 Πλάτωνος
637 3177 809 3267 δογμάτων
830 3180 880 3245 IV
896 3183 926 3247 6.

388 3286 410 3355 ὅ
521 3286 576 3351 Ad
599 3283 766 3375 Βριάρεων
790 3287 829 3353 of.
852 3294 892 3353 A
916 3290 990 3355 402.
1014 3324 1058 3335 -
1081 3310 1196 3352 versus
1223 3281 1320 3354 aorirl’
1343 3277 1505 3377 οίλλοφρο-

433 3394 546 3463 νέοντα
569 3391 653 3479 μετά
678 3418 791 3482 σφισιν
815 3385 906 3461 εἷσαν
929 3382 1061 3483 ίίγοντες
1084 3417 1126 3458 ex
1147 3394 1253 3459 iliade
1276 3396 1328 3478 (Ψ
1346 3396 1425 3477 698)
1449 3393 1505 3457 de·

434 3511 600 3589 promptus
624 3511 682 3565 est.
730 3524 813 3588 quae
842 3510 1022 3587 sequuntur
1049 3502 1126 3567 inde
1159 3501 1201 3566 ab
1234 3488 1285 3583 ori,
1318 3500 1407 3565 haud
1438 3500 1504 3564 seio

433 3631 477 3674 an
508 3630 687 3694 numquam
719 3610 842 3695 possint
874 3610 993 3674 sanari.
1039 3610 1181 3693 primum
1214 3609 1348 3696 quidem
1378 3630 1439 3693 pro
1467 3593 1505 3674 οὗ

433 3715 640 3781 scribendum
673 3716 820 3803 suspicor
847 3739 918 3781 esse
944 3713 975 3784 oi
999 3727 1034 3782 et
1056 3715 1117 3781 sub
1141 3714 1236 3781 verbi
1267 3714 1505 3800 καταμίξαντες

379 3818 392 3847 ²
431 3823 548 3889 litteris
580 3822 682 3888 latere
709 3824 799 3889 voois
832 3821 1027 3907 κομίσαντες
1058 3822 1227 3909 reliquias,
1261 3846 1345 3909 quae
1366 3844 1434 3887 vox
1455 3843 1504 3885 re-

433 3930 535 3995 currit
557 3931 592 3995 in
616 3953 655 3996 eo
669 3953 783 4010 versu,
808 3932 864 4017 qui
881 3930 1005 4016 exeipit
1019 3929 1125 4011 illum,
1150 3952 1247 4017 quem
1270 3929 1365 3995 modo
1390 3929 1505 4019 citavit

433 4047 553 4105 orator:
579 4029 674 4105 αὐτοὶ
696 4038 725 4103 δ’
742 4034 903 4122 οἰχόμενοι
931 4034 1072 4123 κόμισαν
1099 4037 1206 4117 δέπας
1238 4028 1503 4128 operariorum,

434 4154 570 4232 apparet
592 4146 695 4231 igitur
714 4143 882 4209 verbosius
907 4152 1099 4210 exsecutum
1123 4167 1197 4210 eum
1221 4167 1292 4210 esse
1315 4144 1401 4209 hane
1424 4144 1504 4208 ima·

431 4253 542 4336 ginem
573 4252 711 4339 ideoque
742 4251 875 4317 lacunas
909 4252 1008 4317 statui
1041 4261 1074 4317 et
1105 4262 1178 4337 post
1200 4246 1341 4341 ίίγοντας
1369 4262 1403 4317 et
1429 4261 1503 4337 post

431 4355 632 4444 κομίσαντες.
679 4364 748 4439 τοῖς
779 4359 917 4438 πολλοῖς
951 4356 1188 4443 καταμίξαντες
1219 4359 1386 4445 proposuit
1416 4357 1503 4441 Keil,
