3825 5384
128 3170 130 3277 l

128 3340 130 3463 t

128 3690 133 3817 t

128 3856 133 3979 l

128 4022 134 4155 t

128 4202 132 4331 t

128 4378 131 4513 t

816 576 1038 641 ..25-

390 766 424 821 et
451 755 637 841 particulis,
670 755 704 818 in
736 752 915 819 verborum
947 752 1071 818 dilectu
1102 753 1261 838 peccavit.
1291 751 1373 817 -Sed
1394 752 1461 816 iam

391 884 546 948 quaeram
654 942 657 947 Ι

617 1114 658 1181 Β.
681 1114 733 1181 De
757 1115 943 1182 verborum
966 1115 1237 1200 compositione.

481 1238 628 1302 Primum
652 1247 712 1321 est,
735 1248 771 1303 ut
794 1238 896 1303 verba
918 1238 1038 1303 faciam

813 1476 843 1551 a)
868 1471 911 1540 oo
934 1427 1049 1538 hiatu.

481 1613 522 1677 In
552 1614 762 1679 aestimandis
793 1612 935 1679 hiatibus
966 1614 1013 1679 ita
1041 1615 1164 1679 versari
1191 1614 1272 1679 mihi
1300 1618 1462 1702 proposui,

392 1732 430 1787 ut
453 1720 630 1786 secundum
652 1720 807 1785 Aristidis
830 1731 864 1786 et
885 1720 1032 1786 Philonis
1055 1744 1200 1805 normas,
1233 1722 1289 1808 qui
1321 1723 1465 1787 maxime

394 1827 599 1914 angebantur
619 1827 728 1893 hiatus
751 1828 829 1913 fuga
859 1828 912 1911 (cf.
936 1827 1071 1893 Schmid
1093 1830 1133 1894 ΙΙ
1156 1831 1232 1895 249.
1265 1820 1466 1913 Wendland,

393 1935 502 2000 Philos
535 1934 657 2001 Schrift
688 1936 770 2000 iiber
802 1934 855 1999 die
889 1934 1086 2021 Vorsehung
1117 1959 1149 2022 p.
1178 1935 1273 2019 116),
1305 1938 1465 2002 rationem

394 2043 611 2129 ponderarem
634 2065 731 2129 quam
754 2052 869 2107 noster*
886 2041 1102 2130 amplectitur.
1142 2066 1222 2130 quos
1242 2044 1270 2107 si
1289 2044 1465 2129 sequimur,

395 2152 529 2215 offensio
562 2173 630 2215 non
661 2161 708 2215 est
742 2151 776 2214 in
808 2150 972 2215 vocalium
1003 2171 1162 2215 concursu
1196 2150 1465 2217 antecedentibus

396 2256 428 2342 a)
452 2257 609 2337 articulis,
632 2257 667 2342 b)
690 2256 859 2344 particulis
883 2254 912 2323 ei
934 2256 991 2323 καὶ
1013 2252 1060 2348 μὴ
1085 2252 1107 2346 ἢ
1129 2256 1205 2325 ἐπεὶ
1229 2251 1281 2325 ὅτι
1304 2280 1408 2345 aeque
1426 2250 1468 2323 ac

395 2363 640 2451 pronominibus
671 2364 705 2431 τί
738 2374 770 2430 et
799 2364 846 2447 ci,
879 2365 909 2452 e)
935 2362 1138 2450 diphthongo
1171 2391 1206 2431 αι
1239 2366 1273 2449 α)
1296 2388 1390 2451 pers„
1405 2366 1467 2434 III.

397 2471 498 2537 medii
520 2470 574 2537 vel
596 2472 729 2558 passivi,
754 2477 787 2557 β)
810 2471 965 2537 infinitivi
988 2471 1087 2535 medii
1110 2471 1163 2537 vel
1186 2474 1322 2557 passivi,
1354 2472 1388 2560 d)
1408 2494 1468 2545 ,vo

398 2577 523 2646 calibus
546 2590 570 2645 ἅ
594 2606 609 2647 a
632 2604 660 2661 o,
685 2578 716 2663 e)
738 2580 774 2644 in
796 2580 1009 2665 respiratione
1024 2576 1328 2666 quantulacumque.
1366 2579 1466 2665 igitur

396 2686 503 2751 hiatus
519 2696 576 2751 aut
591 2687 722 2751 omnino
738 2709 804 2752 non
820 2695 895 2751 sunt
909 2686 1052 2751 habendi
1067 2696 1123 2751 aut
1138 2686 1329 2752 sollemnem
1343 2685 1465 2751 habent
1569 2774 1576 2779 .

397 2794 643 2859 exeusationem
1043 2805 1045 2808 ’

486 2970 518 3056 a)
542 2973 759 3038 antecedente
783 2971 967 3038 articulo
1005 2972 1115 3038 decies
1149 2974 1270 3039 sexies:
1300 2974 1339 3058 ἓξ
1363 2975 1384 3039 2
1406 2972 1468 3038 bis.

398 3080 430 3149 5.
455 3083 485 3148 6.
511 3080 541 3146 8.
566 3082 608 3147 15
625 3078 683 3145 bis.
709 3082 750 3147 16
765 3078 828 3145 bis.
849 3083 900 3147 23.
924 3083 976 3146 29.
1001 3081 1052 3148 35.
1077 3083 1131 3149 37.
1155 3083 1209 3147 40.
1234 3082 1278 3146 42
1295 3080 1354 3144 bis.

412 3316 415 3321 ¹
487 3239 522 3323 b)
545 3240 707 3327 partienda
733 3240 807 3307 καί
838 3241 947 3305 tricies
973 3243 1106 3327 septies:
1136 3242 1177 3325 ἐξ
1202 3236 1231 3307 2.
1255 3242 1276 3308 5
1297 3239 1358 3305 bis.
1382 3241 1413 3325 6.
1438 3243 1469 3309 l.

401 3348 495 3415 ster.
522 3348 705 3415 o.1o.1e.
733 3347 849 3413 tobis.
881 3349 932 3416 22.
963 3350 1004 3415 19
1020 3349 1079 3413 eis.
1112 3350 1156 3415 22
1173 3358 1298 3435 quater.
1332 3335 1385 3414 si.
1416 3351 1471 3415 22.

401 3456 453 3520 23.
479 3456 522 3519 24
539 3452 596 3520 bis.
620 3456 672 3523 25.
697 3456 748 3521 26.
773 3458 813 3521 31
832 3454 891 3520 bis.
916 3456 971 3521 32.
995 3457 1038 3522 33
1053 3464 1113 3521 ter.
1138 3457 1192 3521 34.
1217 3456 1271 3521 35.
1294 3456 1346 3522 et.
1370 3458 1423 3523 40.

731 3559 787 3652 μή
810 3562 875 3627 bis:
901 3563 940 3647 ἐξ
964 3565 1015 3630 19.
1041 3565 1094 3629 32.

744 3662 767 3760 ἥ
809 3671 920 3734 semel:
945 3673 964 3755 ξ
990 3672 1021 3737 5.
1143 3664 1146 3668 ’

723 3768 791 3844 ὅτι
809 3787 874 3842 ter:
899 3779 938 3861 ἐξ
964 3780 994 3844 3.
1018 3780 1047 3843 9.
1072 3778 1124 3842 21.

737 3883 778 3950 τὶ
812 3891 940 3970 quater:
966 3885 1006 3969 ἓξ
1031 3886 1062 3950 3.
1087 3886 1118 3951 5,
1143 3886 1194 3950 34,
1219 3881 1274 3949 44.

414 4044 417 4053 ’
493 4048 522 4127 c)
547 4044 746 4132 diphthongo
780 4071 824 4111 αι
853 4047 887 4124 o)
911 4068 995 4131 pers.
1017 4045 1070 4109 ΠΙ
1103 4045 1187 4111 med.
1210 4044 1265 4111 vel
1292 4063 1375 4131 pass.
1409 4051 1471 4107 ter:

915 4154 953 4237 ἐξ
979 4155 1009 4219 5.
1035 4155 1087 4218 21.
1112 4155 1164 4219 29.

852 4282 888 4365 β)
911 4279 967 4343 inf.
991 4278 1074 4343 med.
1095 4277 1212 4369 semel:
1239 4279 1258 4362 ξ
1306 4278 1336 4342 6.

1229 4386 1246 4438 4
