3825 5384
865 594 1086 659 ..30-

528 770 601 855 §14
623 770 717 835 Plato
745 768 954 856 philosophus
989 769 1043 860 [cf.
1067 793 1182 837 comm.
1205 772 1245 836 ad
1280 773 1298 856 ξ
1326 768 1378 858 14]
1404 779 1436 835 et
1459 792 1511 836 co·

621 878 724 943 micus
748 878 794 965 (et
817 877 960 962 sophista
983 878 1110 966 aliquis,
1134 879 1191 965 qui
1214 868 1265 945 ἆεὶ
1288 872 1407 959 ἁπλῶς
1424 876 1510 966 λέγει

622 986 679 1051 καὶ
702 979 748 1075 μὴ
770 983 854 1070 μετὰ
877 985 1057 1076 σπουδῆς);

528 1092 598 1175 §37
625 1091 666 1156 de
688 1090 922 1157 Alexandrinis
945 1091 1081 1178 fabella3

528 1198 605 1282 §43
624 1198 820 1264 Xenocratis
844 1198 980 1271 dictum.

526 1304 699 1371 Accedunt
714 1329 762 1385 ea,
786 1328 869 1393 quae
884 1305 972 1372 nullo
987 1306 1099 1371 addito
1119 1316 1289 1373 auctorum
1303 1308 1445 1390 nomine,
1473 1314 1510 1371 ut

439 1421 511 1478 erat
533 1434 604 1477 mos
626 1411 787 1497 sophistis,
812 1414 953 1478 citantur
977 1436 1020 1478 ex
1064 1428 1066 1436 ’

528 1524 548 1602 5
580 1522 602 1585 4
624 1518 810 1586 Stoicorum
834 1520 981 1586 doctrina
1004 1516 1107 1607 (ἰσχὺς
1128 1520 1186 1587 καὶ
1208 1515 1366 1602 εὖνονία);

527 1627 546 1711 ξ
579 1627 599 1693 8
622 1625 845 1693 Demosthene
868 1626 1061 1713 (Lasthenes
1086 1636 1119 1693 et
1141 1627 1389 1715 Euthycrates)3

528 1734 601 1817 §20
625 1733 791 1800 Herodoto
815 1724 985 1820 (ἆμίδες
964 1740 1126 1823 αργοραῖκ

527 1842 600 1924 §24
623 1840 781 1925 Euripide
804 1841 1026 1930 (Hippolytus,
1051 1842 1091 1907 cf
1116 1848 1261 1924 comm.3)

527 1948 599 2032 §29
622 1948 805 2029 Hesiodo(
792 1948 970 2034 (μέλισσαι,
994 1955 1136 2038 κηφῆνες
1160 1939 1281 2037 ἀργοί),

527 2056 597 2140 §31
623 2055 813 2121 Democrito
780 2066 869 2121 tet
891 2055 1091 2140 Empedoclc
1113 2057 1168 2140 (cf
1193 2057 1341 2142 comm.)3

526 2162 587 2227 His
603 2161 732 2245 addam,
749 2164 836 2249 quod
851 2163 981 2229 assidue
998 2162 1187 2248 compilavit
1197 2162 1366 2228 Plutarchi
1378 2164 1508 2250 scripta,

439 2268 494 2357 (cf.
507 2289 623 2335 comm
645 2270 688 2335 ad
704 2271 741 2355 ξς
754 2274 781 2337 1.
801 2272 830 2337 6.
848 2274 879 2337 8.
897 2273 950 2339 10.
970 2274 1021 2337 12.
1040 2272 1107 2353 29),
1130 2269 1166 2335 id
1186 2271 1275 2358 quod
1289 2272 1368 2336 item
1385 2277 1510 2335 constat

438 2377 480 2443 de
499 2375 644 2443 Aristide
664 2376 817 2462 Appiano
837 2376 986 2461 Aeliano,
1007 2378 1050 2446 Π.
1072 2401 1104 2463 p.
1122 2376 1201 2446 Ohr.
1217 2401 1249 2444 n.
1267 2377 1389 2443 saeculi
1409 2378 1510 2463 scrip*

437 2482 572 2549 toribus.
604 2484 724 2571 quibus
735 2484 833 2550 rebus
843 2486 1022 2570 perspectis
1035 2484 1141 2549 clucet
1153 2484 1421 2550 declamationem
1432 2485 1511 2549 viri

436 2613 506 2655 esse
529 2591 568 2656 in
585 2590 747 2657 Graecis
770 2591 915 2657 litteris
938 2591 1098 2657 multum
1122 2592 1304 2678 volutati,
1328 2591 1395 2656 sed
1410 2591 1509 2656 eius-

438 2697 523 2763 dem
542 2697 700 2785 ingenio
721 2698 868 2786 frigido
889 2709 925 2765 et
944 2700 1054 2765 inani
1073 2699 1257 2784 praediti.
1296 2700 1385 2765 idem
1400 2709 1510 2764 autem

438 2804 591 2871 docemur
614 2807 752 2871 oratoris
767 2808 802 2871 in
817 2807 1012 2889 usurpandis
1028 2807 1171 2893 figuris
1194 2808 1329 2872 ratione.
1377 2815 1510 2871 ornatus

437 2913 525 2979 enim
548 2913 698 2979 dictionis
721 2936 793 2978 eam
814 2915 901 3000 capit
915 2913 1210 3000 reprehensionem,
1234 2910 1321 3000 quod
1336 2914 1432 2979 nimis
1447 2911 1510 2977 fre-

437 3030 575 3109 quentat
591 3030 700 3087 orator
715 3020 831 3087 eadem
846 3044 976 3106 semper
987 3019 1137 3113 σχήματα
1149 3021 1276 3102 λέξεως,
1289 3021 1508 3105 oppositiones

437 3139 469 3194 et
485 3128 766 3195 annominationes
784 3166 823 3177 -
841 3126 990 3219 σχήματα
1006 3127 1155 3209 διανοίας
1170 3150 1285 3193 vereor
1298 3138 1336 3193 ut
1350 3128 1509 3191 invenias.

437 3236 479 3302 de
502 3235 889 3301 annominationibus
912 3236 995 3301 haec
1017 3234 1118 3301 habe:
1135 3235 1218 3300 ludit
1232 3236 1267 3300 in
1282 3237 1317 3300 vi
1332 3234 1509 3300 verborum

435 3347 540 3430 χεῖρες
560 3341 685 3431 μακραὶ
707 3353 740 3407 et
762 3345 918 3411 καθελεῖν
941 3344 981 3427 §5
1008 3348 1036 3409 1.
1060 3344 1091 3408 3.
1115 3343 1148 3426 5,
1171 3336 1260 3423 οἶνος
1282 3353 1315 3407 et
1338 3344 1510 3430 παροινεῖν

436 3452 455 3533 ᾖ
473 3450 515 3517 15
532 3449 588 3531 (cf.
605 3448 739 3515 Schmid
753 3450 806 3515 ΠΙ
821 3452 897 3517 324.
914 3450 964 3515 IV
978 3451 1070 3533 508),
1092 3443 1266 3540 χρημάτων
1289 3460 1321 3514 et
1341 3444 1509 3539 χρησίμων

435 3558 525 3642 §323
559 3556 666 3643 figura
697 3556 915 3644 etymologica
946 3566 1038 3622 extat
1061 3558 1115 3642 §l
1141 3562 1291 3647 πονῆσαι
1321 3549 1445 3634 πόνους
1476 3562 1509 3619 et

434 3668 453 3751 ᾖ
479 3668 519 3732 10
555 3661 685 3754 ὄαολεύῃ
719 3670 834 3731 πᾶσαν
861 3663 1026 3746 deviatum,-
1058 3655 1286 3750 ὁμοιοτελεαιὰ
1318 3663 1419 3729 habet
1451 3662 1507 3745 §9

436 3766 473 3841 οὗ
497 3764 630 3851 δούλους
651 3768 759 3856 μόνον,
786 3766 951 3839 ἀλλὰκαὶ
975 3769 1215 3854 ἐθελοδούλους,
1239 3773 1315 3856 §21
1332 3766 1510 3858 λιτριίδοος

436 3873 694 3967 -ἂργιλώδοος,
727 3878 909 3967 similiaque
931 3890 1006 3945 sunt
1028 3879 1084 3944 illa
1105 3870 1175 3947 ὑπὸ
1197 3879 1257 3965 μὲν
1279 3883 1344 3945 τῶν
1367 3872 1508 3966 ἀγαθῶν

436 3976 744 4075 ἅγαθοποιούμενα,
774 3978 844 4054 ὑπὸ
877 3988 914 4054 δὲ
945 3991 1012 4053 τῶν
1043 3989 1156 4054 κακῶν
1187 3983 1369 4072 κακούμενα
1401 3987 1420 4069 ,8,
1449 3986 1506 4068 22,

434 4094 663 4179 paronomasia
679 4097 753 4178 §20
766 4091 923 4184 χρώματα
941 4131 985 4143 -
1002 4088 1164 4184 χρήματα.
1188 4103 1388 4181 atquetanto
1400 4090 1506 4158 studio

435 4201 512 4267 huic
535 4202 583 4267 rei
607 4224 641 4266 se
665 4200 802 4286 addixit,
826 4211 950 4267 utnon
974 4200 1140 4267 dubitaret
1155 4202 1404 4288 oppositionum,
1427 4220 1508 4286 quas

435 4309 541 4392 struit,
570 4307 681 4374 tollere
711 4330 856 4388 acumen,
889 4318 926 4374 ut
959 4317 1185 4396 assequeretur
1213 4307 1506 4390 annominationes3
