3825 5384
821 644 1042 709 ...57-

393 844 437 887 ex
467 823 622 887 memoria
653 821 798 887 Platonis
829 820 936 895 locum
970 822 1100 905 citaret,
1133 823 1161 887 si
1192 820 1325 908 quidem
1356 823 1463 909 ipsum

391 928 573 1015 Diogenem
596 929 691 993 huius
715 929 831 993 erroris
855 950 1034 1015 coarguere
1058 929 1144 993 licet.
1169 928 1394 1008 ,retinendum
1416 939 1463 994 ta·

392 1058 467 1101 men
489 1047 540 1101 est
561 1037 597 1101 in
620 1037 660 1101 iis
684 1032 940 1119 collectionibus,
965 1058 1045 1122 quas
1060 1035 1205 1124 Diogeni
1227 1037 1370 1101 maxime
1388 1059 1463 1123 cog·

391 1152 485 1208 natas
518 1166 587 1209 esse
620 1154 843 1229 cognoverunt
877 1142 918 1209 G.
946 1143 1078 1208 Brunco
1110 1148 1183 1225 (act.
1216 1166 1294 1208 sem.
1327 1142 1462 1229 Erlang.

396 1254 481 1319 1884
503 1250 644 1318 Hiero
660 1252 742 1339 sqq.)
768 1259 799 1315 et
822 1251 853 1317 J.
879 1250 1017 1338 Stanjek
1040 1250 1288 1333 (Quaestionum
1319 1252 1360 1318 de
1390 1274 1463 1318 sen·

392 1359 567 1436 tentiarum
590 1358 657 1424 Vll
680 1379 748 1444 sap.
778 1357 1023 1424 collectionibus
1048 1380 1125 1446 pars
1149 1360 1169 1425 I
1191 1358 1324 1423 Vratisl.
1350 1359 1462 1445 1891),

267 1476 269 1479 ’
392 1464 426 1530 id
438 1464 573 1531 dictum
596 1466 727 1531 omnino
747 1466 870 1531 deesse.
912 1466 1000 1553 quod
1015 1488 1094 1531 vero
1109 1466 1324 1553 Harpocratio
1340 1476 1373 1533 et
1389 1465 1462 1533 Sui·

394 1574 451 1639 das
478 1572 684 1638 tradiderunt
708 1582 740 1638 et
762 1572 974 1639 Aristotelem
997 1582 1030 1639 et
1052 1573 1313 1659 Theophrastum
1336 1573 1378 1639 de
1400 1572 1463 1639 hoc

393 1679 664 1767 apophthegmate
701 1680 1001 1745 commemoravisse
1037 1680 1071 1747 ἐν
1104 1687 1152 1768 τῷ
1186 1685 1374 1769 παροιμιῶν
1408 1680 1462 1768 (cf.

392 1788 552 1874 Harpocr.
577 1786 654 1852 Ddf.
677 1786 712 1851 II
738 1790 801 1853 116
818 1810 886 1874 sqq.
932 1785 1023 1855 Suid.
1048 1811 1071 1853 s.
1095 1788 1139 1872 v.)
1145 1838 1154 1871 ,
1187 1787 1383 1853 monendum
1415 1798 1463 1853 est

393 1894 575 1961 libellorum
598 1892 639 1959 ab
660 1893 723 1959 illis
739 1893 938 1980 philosophis
953 1894 994 1959 de
1009 1895 1195 1980 proverbiis
1210 1895 1464 1980 conscriptorum

393 2001 454 2067 hoc
476 2024 541 2067 uno
565 2000 637 2066 loco
664 2003 863 2067 mentionem
890 2001 961 2066 fieri
988 2023 1094 2089 neque
1121 2003 1199 2067 satis
1226 2012 1391 2085 constare,
1420 2024 1463 2066 an

393 2132 429 2174 re
458 2131 537 2174 vera
569 2107 649 2173 tales
681 2106 807 2174 libellos
840 2110 1081 2193 composuerint
1111 2131 1224 2174 necne.
1278 2117 1395 2192 restat,
1427 2119 1463 2173 ut

395 2217 494 2282 etiam
527 2214 734 2281 scholiastam
764 2216 808 2280 ad
839 2214 1119 2301 Soph.Ant.175
1153 2238 1399 2281 commemorem
1429 2214 1464 2280 id

395 2324 519 2389 dictum
542 2323 653 2387 Bianti
676 2321 807 2407 ascribi,
836 2323 893 2387 sed
916 2324 1033 2388 omisso
1049 2324 1190 2389 auctoris
1206 2325 1347 2389 nomine.
1388 2345 1463 2388 ano-

394 2454 528 2517 nymum
552 2441 661 2495 autem
686 2429 927 2517 apophthegma
949 2429 1101 2495 laudatur
1124 2430 1214 2516 apud
1228 2429 1299 2497 hos:
1314 2432 1461 2496 Paroem.

397 2536 454 2603 Gr.
479 2538 528 2603 ed.
553 2536 714 2603 L.·Schn.
739 2536 872 2605 11101.
899 2539 971 2604 148.
996 2540 1061 2605 310
1084 2536 1167 2602 Plut.
1192 2558 1334 2624 compar.
1359 2536 1463 2603 Cicer.

395 2657 426 2711 et
464 2644 634 2711 Demosth.
663 2646 691 2711 3.
731 2643 848 2709 Liban.
880 2643 933 2709 III
964 2645 1028 2711 377
1046 2645 1084 2708 R.
1128 2643 1229 2732 (idem
1265 2646 1301 2709 in
1338 2666 1383 2711 or.
1415 2644 1465 2709 IV

396 2752 487 2841 (περὶ
519 2755 576 2819 τοῦ
605 2746 651 2837 μθ
683 2753 803 2841 ληρεῖν)
834 2752 995 2839 copiosius
1027 2752 1067 2817 de
1098 2774 1137 2817 ea
1168 2774 1204 2816 re
1228 2752 1309 2839 egit)
1338 2752 1465 2817 Boisso-

395 2860 480 2925 nade
522 2859 647 2924 Anecd.
686 2858 739 2923 [H
776 2861 840 2925 461
888 2868 920 2923 61
961 2859 996 2922 in
1034 2859 1108 2924 Not.
1148 2870 1180 2924 et
1217 2858 1312 2924 Extr.
1353 2860 1394 2925 de
1430 2860 1463 2922 la

394 2965 543 3032 biblioth.
588 2966 716 3031 dumi
755 2966 824 3031 XII
862 2967 915 3033 52.
955 3004 997 3013 -
1035 2966 1351 3053 Epaminondae
1389 2989 1464 3053 apo-

394 3073 613 3160 phthegmatis
654 3072 721 3138 sola
762 3074 798 3138 fit
838 3074 957 3139 mentio
997 3074 1085 3160 apud
1123 3073 1334 3138 Plutarchum
1371 3079 1464 3159 (mor.

397 3181 524 3265 811B)‚
548 3180 635 3245 unde
659 3191 748 3245 certe
767 3180 876 3245 hausit
891 3190 1016 3247 noster:
1040 3179 1098 3247 καὶ
1120 3180 1176 3247 τὸν
1196 3174 1466 3265 Ἐπαμεινώνδαν

396 3288 599 3370 ἐπαινοῦσιν,
634 3279 685 3355 ὅτι
718 3280 836 3377 φθόνῳ
865 3287 924 3354 καὶ
952 3286 1037 3376 πρὸς
1063 3279 1153 3376 ῧβριν
1176 3282 1392 3372 ἀποδειχθεὶς
1413 3312 1466 3354 τε-

396 3395 530 3484 λέαρχος
553 3389 620 3463 tab
643 3396 709 3461 τῶν
735 3392 892 3483 Θηβαίων
920 3388 977 3462 οὖν
1007 3389 1173 3485 ἠμέλησεν,
1206 3389 1278 3461 ἀλλ’
1294 3390 1399 3462 εἰπών
1421 3386 1467 3474 ὦς

397 3493 433 3570 οὗ
457 3499 556 3586 μόνον
578 3494 657 3590 ἆρχὴ
681 3494 782 3590 ἄνδρα
807 3499 973 3583 δείκνυσιν)
999 3490 1083 3569 ἄλλα
1104 3502 1162 3569 καὶ
1186 3492 1285 3593 ἀρχὴν
1304 3491 1394 3591 οἶνήρ,
1418 3498 1466 3581 εἰς

395 3609 481 3697 μέγα
505 3605 563 3675 καὶ
586 3603 701 3693 σεμνὸν
724 3598 855 3694 ἆξίωμα
884 3605 1055 3700 προήγαγε
1081 3604 1140 3700 τὴν
1163 3607 1349 3697 τελεαρχίαν
1373 3602 1466 3677 obrias

398 3708 498 3784 οὖσαν
521 3712 678 3803 πρότερον
701 3706 806 3806 ἀλλ’ἢ
830 3716 907 3804 περὶ
929 3716 1006 3796 τούς
1033 3711 1222 3795 στενωπούς
1248 3716 1385 3805 ἐκβολῆς
1410 3742 1467 3783 ao-

399 3821 506 3911 πρίων
539 3820 597 3889 καὶ
631 3819 797 3909 ῥευμάτων
831 3812 1030 3913 ἀποτροπῆς
1064 3820 1257 3909 ἐπιμέλειάν
1290 3850 1374 3890 τινα.
1425 3822 1467 3887 (16

397 3941 536 4016 utroque
569 3927 844 4016 apophthegmata
878 3930 1071 3996 611116εωί
1102 3932 1198 4018 adag.
1227 3931 1245 3994 l
1271 3934 1320 3997 10.
1347 3933 1399 3998 16.
1428 3967 1465 3977 -

398 4048 471 4123 post
486 4028 750 4122 Ἐπαμεινώνδου
765 4037 960 4103 exciderunt
970 4039 1042 4125 ipsa
1054 4038 1330 4125 apophthegmata
1341 4060 1468 4103 eorum-

401 4167 464 4231 que
487 4145 659 4210 enarratis.

348 4235 390 4301 30
489 4249 688 4337 συμβούλους
720 4262 920 4339 corruptnm3
952 4276 1030 4317 nam
1057 4275 1096 4317 eo
1120 4254 1178 4340 qni
1199 4251 1261 4317 hoc
1284 4251 1355 4318 loco
1377 4252 1468 4337 flagi·

399 4368 489 4425 tatur
512 4381 609 4425 sensu
631 4381 698 4425 non
720 4367 824 4445 extat3
850 4370 959 4425 ortum
982 4370 1032 4426 est
1056 4383 1099 4426 ex
1121 4359 1249 4426 scribae
1273 4360 1468 4442 coniectura,
