3825 5384
867 651 1090 715 „28-

444 824 619 890 verborum
643 824 784 891 ambitus
812 836 960 893 strueret.
1006 849 1082 892 nam
1109 826 1229 896 breves
1257 827 1516 915 comprehensio·

443 956 512 1017 nes,
536 932 646 1020 quales
670 934 821 1020 propriae
849 945 925 999 sunt
954 933 1087 1021 abrupti
1115 936 1242 1020 generis
1271 936 1418 1018 dicendi,
1445 957 1516 1019 per-

442 1063 567 1125 paucae
584 1050 761 1105 occurrunt
774 1042 959 1129 iustamque,
974 1064 1016 1107 ex
1031 1053 1101 1108 arte
1117 1044 1364 1109 excusationem
1382 1040 1513 1108 habent.

441 1148 653 1213 inveniuntur
684 1149 720 1212 in
747 1148 1005 1233 transitionibus,
1033 1158 1070 1215 ut
1093 1154 1111 1235 ς
1136 1153 1171 1217 6:
1205 1140 1274 1219 ἄλλ’
1308 1142 1446 1217 όνοοσον
1476 1143 1516 1215 τὸ

441 1260 499 1321 τοῦ
522 1252 709 1344 Κρωβύλου,
737 1258 756 1339 ξ
780 1258 837 1325 17;
872 1247 917 1337 ιός
933 1254 1014 1340 “dxci
1047 1246 1148 1349 εόθός
1180 1256 1240 1324 ἐπὶ
1271 1261 1330 1323 τοῦ
1359 1252 1513 1337 πλούτου,

441 1365 459 1447 ξ
485 1364 541 1429 23:
567 1351 603 1430 οὗ
626 1358 687 1451 γὰρ
711 1361 749 1429 ἐκ
771 1368 925 1451 καθαρᾶς
948 1355 1084 1448 ὁμιλίας
1106 1362 1268 1453 ἔρχονται,
1297 1362 1355 1428 ubi
1376 1360 1512 1451 καθαρὰ

441 1462 556 1555 ὁμιλία
580 1470 622 1534 ad
645 1470 814 1555 sequentia
841 1480 977 1555 spectat,
1011 1473 1110 1555 §421
1142 1466 1255 1539 οὐκοῦν
1277 1477 1374 1538 τοῦτο
1397 1470 1456 1555 μὲν
1479 1470 1513 1536 ἐν

438 1580 551 1664 βραχεῖ
566 1568 805 1668 ὖττομνήσομεν,
831 1580 849 1661 ἓ
865 1582 922 1645 43:
948 1564 1074 1646 ἃδόόν
1096 1570 1183 1668 ἡμᾶς
1205 1570 1320 1647 όιτεισι
1337 1577 1509 1667 δηλωτέον,

440 1695 496 1750 aut
518 1686 554 1749 in
576 1684 836 1767 narratiunculis
860 1707 944 1771 quae
961 1707 1004 1749 ex
1019 1687 1098 1750 artis
1120 1684 1248 1771 legibus
1263 1688 1355 1751 tenui
1370 1686 1512 1749 dictione

439 1790 648 1873 adornandae
671 1800 756 1874 sunt,
778 1801 815 1858 ut
837 1792 906 1876 §12
953 1775 1159 1876 ‘Iandpoxdg
1180 1818 1231 1871 τις
1253 1783 1291 1883 ἦν
1313 1796 1379 1858 τών
1401 1783 1511 1857 πόλοι

439 1895 616 1989 γεγονότων
641 1950 649 1965 .
671 1950 679 1965 .
702 1950 710 1964 .
733 1949 740 1965 .
766 1897 824 1965 καί
856 1923 941 1965 ποτε
974 1896 1063 1982 ἔτυχε
1091 1896 1369 1985 συγκαθεζόμενος
1400 1887 1511 1976 όλλοις

439 2003 590 2085 ἰδιώταις
616 2011 674 2097 τῆς
699 2006 826 2095 τέχνης,
855 2008 933 2090 §62
957 1995 1141 2096 Ἀθηναῖος
1162 1997 1210 2095 ἦν.
1257 2006 1316 2071 sed
1339 2014 1510 2096 quantum-

438 2135 576 2199 cumque
599 2112 753 2179 studebat
776 2112 877 2178 verba
909 2112 1061 2179 excolere
1090 2125 1124 2179 et
1152 2114 1352 2199 distinguere
1379 2112 1509 2177 insertis

436 2220 817 2305 interrogationibus
841 2220 892 2304 (ἐξ
912 2223 964 2285 15.
982 2219 1039 2307 34)
1062 2229 1094 2285 et
1116 2218 1389 2307 polysyndetis
1413 2219 1461 2304 (ἐξ
1478 2221 1507 2287 6.

438 2328 468 2395 8.
494 2328 544 2396 18.
569 2329 622 2395 20.
647 2327 714 2412 27),
742 2337 850 2392 tamen
874 2337 1008 2414 tantum·
1031 2336 1100 2392 arte
1125 2328 1268 2393 oratoria
1290 2349 1357 2391 non
1379 2325 1509 2391 videtur

435 2434 591 2517 ¹valuisse,
624 2444 660 2499 ut
692 2436 873 2500 orationem
906 2433 1058 2499 omnibus
1091 2435 1236 2499 numeris
1267 2434 1443 2518 perfectam
1476 2442 1507 2497 et

435 2542 630 2628 perpolitam
653 2542 813 2607 redderet.
860 2551 935 2607 sunt
963 2543 1051 2607 enim
1081 2540 1395 2628 comprehensiones,
1423 2561 1508 2625 quae

436 2650 467 2717 ei
489 2671 582 2715 secus
607 2650 786 2715 ceciderint
809 2648 1077 2736 claudicentque‚
1101 2648 1192 2714 velut
1215 2649 1234 2733 ξ
1259 2652 1290 2731 9,
1318 2646 1377 2712 ubi
1399 2644 1507 2713 εἰπεῖν

434 2757 535 2821 nimia
557 2757 734 2822 verborum
756 2755 966 2821 multitudine
989 2743 1160 2843 separatur
1184 2778 1204 2820 a
1225 2755 1362 2821 relativo
1378 2753 1506 2819 obiecto

436 2855 526 2952 ὅπερ,
550 2862 604 2929 vel
627 2864 716 2947 §35,
739 2862 797 2928 ubi
819 2857 997 2949 λαμβάνων
1012 2864 1223 2950 participium
1239 2864 1317 2928 satis
1339 2861 1506 2927 incondite

434 2970 543 3038 verbis
580 2971 639 3039 καὶ
677 2963 811 3050 τοότους
848 2993 922 3035 cum
965 2962 1240 3036 antecedentibus
1282 2970 1504 3055 coniungitur;

435 3079 554 3144 deinde
577 3101 642 3144 non
666 3088 799 3144 veretur
826 3078 953 3143 mediae
983 3087 1167 3143 structurae
1198 3088 1267 3143 tota
1297 3080 1505 3163 interponere

433 3187 612 3269 enuntiata,
634 3195 671 3251 ut
693 3186 771 3251 fecit
794 3186 826 3273 (ἓ
846 3188 887 3253 15
911 3183 977 3252 εἴτε
999 3178 1305 3274 λιβανωτός-τὴν
1328 3181 1502 3271 ἑκατέρου),

433 3291 486 3377 uel
509 3293 604 3357 nimis
627 3292 814 3379 frequentat
835 3279 1115 3380 participiaquae
1131 3302 1293 3358 vocantur
1316 3291 1505 3374 coniuncta;

431 3400 546 3486 paucis
573 3400 660 3464 enim
687 3399 737 3465 his
765 3392 914 3465 versibus
944 3398 1143 3487 quadragies
1167 3400 1275 3464 sexies
1297 3397 1380 3463 haec
1403 3406 1507 3462 struc-

432 3517 506 3572 tura
529 3517 631 3589 extat,
656 3530 761 3595 neque
779 3506 907 3572 dubitat
923 3516 1031 3572 orator
1046 3507 1111 3572 duo
1126 3504 1180 3571 vel
1194 3506 1258 3571 tria
1273 3506 1368 3570 iuxta
1382 3526 1506 3591 ponere

431 3614 617 3701 participia3
652 3623 689 3679 ut
720 3636 789 3679 rem
822 3605 1032 3701 comprobem
1065 3613 1237 3708 exemplis,
1272 3613 1408 3677 afferam
1440 3612 1503 3695 §5

431 3714 589 3811 ποτήριον
604 3718 686 3805 ἔχων
702 3713 815 3808 όγεται
832 3772 839 3787 .
858 3773 865 3785 .
884 3770 890 3783 .
909 3714 968 3788 οὒκ
983 3712 1089 3802 εἰδώς,
1110 3722 1129 3804 ἓ
1147 3722 1167 3787 6
1184 3718 1436 3809 προὶσχομένω.
1452 3770 1459 3783 .
1473 3767 1502 3783 ..

430 3826 489 3895 καί
511 3854 561 3907 τις
583 3819 726 3907 όναστᾶς
748 3826 974 3913 δεδιττόμενος
996 3822 1082 3909 εἶπε,
1108 3829 1126 3912 §
1153 3828 1194 3893 18
1219 3823 1355 3913 πλούτῳ
1381 3818 1503 3914 χρώμε-

430 3928 636 4015 νος....εό
659 3939 770 4003 ποιῶν
792 3935 848 4004 τὸν
871 3926 1198 4004 πλοῦτον....ότε
1219 3986 1226 3999 .
1245 3986 1253 4000 .
1271 3986 1279 4000 .
1297 3986 1304 3999 .
1322 3930 1500 4017 ἱστάμενος,

429 4045 507 4127 §24
530 4040 708 4129 πενόμενος
722 4036 857 4132 πλούτῳ
880 4039 1092 4133 προσπεσών,
1118 4043 1196 4125 §25
1221 4032 1408 4130 ὁρμώμενος
1429 4028 1500 4105 dud

428 4153 513 4216 τῶν.
532 4202 539 4215 .
558 4202 565 4218 .
584 4202 591 4217 .
608 4144 863 4237 λειμώνων....
882 4146 1112 4228 ιτλόττωνναὶ
1128 4150 1326 4237 καλλιεργών
1344 4200 1351 4212 .
1368 4199 1376 4212 .
1395 4199 1402 4213 .
1420 4198 1428 4212 .
1445 4145 1502 4211 καὶ

425 4250 648 4344 (dedicator).
1065 4314 1068 4318 .

431 4440 433 4447 ¹
517 4364 593 4444 Sed,
619 4388 716 4453 quarn
731 4366 828 4432 modo
844 4366 885 4432 de
902 4377 1030 4432 oratore
1050 4366 1195 4450 tulimus,
1218 4365 1380 4431 sententia
1403 4364 1502 4455 etiam
