3825 5384
834 656 1057 721 ..63-

407 834 548 900 autem
539 855 574 897 1n
597 842 653 899 ant
640 831 863 898 tecedentibus
888 833 928 897 de
951 831 1105 897 facultate
1130 833 1262 898 dicendi
1285 844 1317 899 et
1341 833 1383 899 de
1395 857 1481 963 ›reg-

406 941 531 1021 nando:
548 940 705 1067 praefect
696 964 707 1007 1
724 941 865 1006 maxime
880 940 1037 1006 interesse
1053 932 1222 1024 debere,‘'
1204 967 1310 1021 οπως
1321 936 1360 1008 lv
1374 937 1481 1009 εόπει·

407 1052 483 1127 θεῖς
504 1044 580 1128 τούς
604 1038 798 1136 ἀρχομένους
821 1045 888 1131 ἔχοι
911 1048 944 1131 (ξ
969 1049 1041 1132 42);
1071 1047 1207 1133 quod
1182 1072 1208 1113 s1
1232 1059 1400 1114 assecutus
1423 1060 1481 1133 est,

410 1157 465 1234 „id
487 1156 586 1220 habet
609 1156 696 1241 quod
719 1177 800 1220 voce
815 1151 1020 1243 πειθαρχίᾳ,
1045 1177 1131 1241 quae
1156 1178 1200 1219 ex
1223 1155 1350 1221 duobus
1370 1156 1479 1223 verbis

408 1262 460 1351 (τὸ
476 1260 648 1346 διώνυμον)
673 1263 851 1347 composita
866 1271 924 1345 est,
947 1261 1187 1348 significatur“;
1210 1263 1257 1327 ita
1272 1263 1350 1329 Keil
1365 1286 1480 1329 sanare

300 1428 301 1431 ,
407 1368 496 1435 hunc
527 1368 636 1434 locum
669 1378 802 1434 conatus
836 1379 899 1451 est,
933 1390 1038 1455 neque
1068 1368 1235 1453 habemus,
1269 1394 1327 1435 cur
1351 1373 1383 1437 ei
1415 1394 1481 1437 non

408 1478 641 1560 assentiamur3
688 1499 764 1541 nam
805 1499 1003 1563 quamquam
1044 1473 1204 1561 όιιόυυμος
1244 1476 1307 1542 hac
1349 1479 1482 1565 quidem

408 1585 542 1649 notione
566 1584 655 1669 apud
678 1585 854 1670 scriptores
877 1595 1004 1649 veteres
1032 1590 1192 1669 nusquam
1220 1594 1341 1668 exstat,
1371 1594 1483 1651 tamen

408 1713 449 1756 ea
471 1714 537 1757 non
561 1692 709 1777 quaesita
733 1702 765 1755 et
794 1700 935 1755 attracta
966 1691 1099 1756 videtur
1131 1713 1211 1775 esse,
1243 1692 1302 1757 sed
1334 1716 1378 1759 ex
1409 1695 1480 1779 ipsa

407 1797 583 1863 verborum
607 1796 664 1866 όόο
689 1807 721 1863 et
744 1786 847 1883 όυομα
872 1797 1080 1883 copulatione
1103 1800 1215 1884 potita.
1260 1799 1481 1865 Reitzenstein
1569 1874 1573 1880 ι

407 1903 525 1994 κρότος
546 1915 619 1991 post
643 1903 796 1995 πλήθους
824 1906 1041 1992 supplendum
1068 1916 1163 1992 putat
1190 1906 1333 1994 taliaque
1360 1929 1395 1971 se
1423 1930 1479 1973 ex-

408 2024 541 2099 pectare
563 2036 616 2077 me
641 2012 763 2079 docuit:
790 2012 897 2099 „quod
921 2014 978 2099 qui
1001 2023 1050 2077 est
1073 2022 1251 2097 assecutus,
1276 2010 1482 2101 praeclaram

296 2182 304 2199 ,
407 2119 496 2185 illam
520 2120 583 2185 sibi
604 2122 734 2206 paravit
755 2120 868 2206 populi
891 2121 1085 2206 potentiam,
1112 2120 1237 2186 seilicet
1264 2132 1301 2187 ut
1324 2122 1483 2214 σοφιστὴς

409 2236 442 2292 et
465 2216 579 2315 όρχιου.
625 2238 759 2314 propter
781 2229 962 2294 sententiae
978 2228 1222 2293 similitudinem
1243 2230 1354 2294 offeni
1375 2239 1481 2316 potest

378 2335 506 2401 'Hom.
541 2340 582 2400 H
601 2336 681 2402 126:
727 2334 849 2414 ἐσθλός
887 2333 1109 2423 Μυρμιδόνων
1146 2333 1390 2427 βουληφορος
1426 2332 1478 2427 ηδ’
1541 2355 1547 2367 ’

409 2437 611 2532 ἇχορήτης.
659 2442 716 2507 sed
739 2464 865 2525 vereor,
889 2452 924 2507 ut
948 2444 975 2507 is
991 2444 1033 2507 sit
1046 2466 1145 2508 verus
1160 2442 1257 2509 huius
1271 2443 1336 2509 loci
1351 2468 1478 2530 sensus3

408 2571 515 2636 neque
539 2550 625 2613 enim
649 2572 692 2615 ex
715 2549 880 2634 sophistae
904 2551 1067 2615 sententia
1091 2548 1326 2615 discernendae
1350 2561 1480 2620 suntet

410 2661 568 2747 σοφιστοῦ
594 2658 630 2720 in
657 2656 813 2743 populum
845 2659 993 2744 potentia
1017 2670 1048 2721 et
1071 2649 1236 2745 όρχουτος,
1268 2658 1327 2725 sed
1350 2647 1480 2748 όρχοντι

409 2765 589 2849 potentiam
622 2764 753 2828 omnino
787 2786 862 2828 non*
892 2787 963 2829 esse
1000 2764 1183 2847 contendit,
1218 2767 1282 2831 nisi
1316 2766 1404 2831 idem
1438 2768 1480 2831 sit

409 2868 571 2961 σοφιστής
594 2869 648 2957 (cf.
674 2874 693 2952 ξ
717 2868 783 2957 43).
808 2906 851 2919 --

918 3070 960 3135 Β.

368 3188 384 3250 1
452 3219 454 3222 ’
498 3190 554 3256 Ad
576 3190 672 3282 φόρει
696 3194 737 3263 cf.
758 3192 1107 3261 Aristid.111t'›11)df.
1155 3192 1268 3262 πάντα
1291 3199 1394 3261 ταῦτα
1416 3176 1481 3260 τῶν

408 3298 576 3388 φυρόυτωυ
600 3299 672 3367 ἐστὶ
691 3299 732 3367 τοὶ
749 3290 895 3385 όυόμυτυ
911 3301 969 3367 καὶ
985 3298 1139 3391 διῄρηται
1154 3300 1257 3391 σοφία
1272 3302 1330 3368 καὶ
1345 3327 1481 3389 κακουρ-

409 3404 463 3494 pta
491 3404 558 3474 υτὲ.
589 3444 631 3455 -
660 3406 762 3472 verbo
791 3405 1035 3529 συμβεβηκότος
1058 3408 1246 3474 Aristoteles
1273 3408 1309 3472 id
1337 3408 1480 3490 denotat,

407 3513 496 3599 quod
517 3535 623 3600 neque
646 3516 830 3579 necessario
854 3513 890 3579 fit
877 3524 1021 3600 tneque
1031 3514 1250 3643 plerumque:
1279 3513 1483 3603 συμβεβηκός

408 3608 578 3708 λέγουσια
560 3648 577 3688 ο
602 3612 742 3706 όπόρχει
764 3621 825 3706 μέν
847 3647 912 3687 τινι
935 3622 992 3688 καὶ
1021 3611 1199 3711 όληθὲς’
1171 3627 1278 3690 concio
1305 3612 1342 3690 οὗ
1369 3622 1482 3707 μέντοι

408 3716 466 3793 olle
469 3720 577 3807 ’ἐξ
557 3723 698 3818 ουόχκης
722 3722 788 3795 ουτ’
813 3728 873 3795 επὶ
897 3726 935 3794 τό
958 3728 1053 3795 nolti.
1101 3729 1139 3795 cf.
1164 3729 1304 3816 metaph.
1329 3728 1480 3797 10261231

407 3857 478 3921 sqq.
524 3834 629 3922 phys.
653 3856 725 3900 acr.
752 3837 890 3903 1961210.
919 3834 1061 3900 effic1ur
1084 3844 1193 3901 autem
1216 3832 1255 3902 τό
1277 3836 1484 3926 συμβεβηκὸς

408 3964 482 4006 cum
505 3941 577 4007 aliis
601 3942 707 4006 causis
729 3951 798 4007 tum
820 3947 867 4030 τῷ
896 3936 1073 4031 αὐτομάτῳ
1100 3945 1159 4011 καὶ
1185 3950 1226 4033 τῇ
1253 3936 1342 4032 τόχη.
1388 3942 1481 4030 phys.

408 4070 473 4115 aer.
496 4049 532 4112 Π
554 4051 586 4117 4.
613 4049 751 4117 195b31.
804 4051 862 4115 sed
884 4050 922 4118 τό
948 4044 1134 4135 οἷτόματον
1157 4061 1190 4116 et
1213 4043 1234 4141 η
1256 4048 1335 4140 τόχη
1360 4072 1398 4114 eo
1421 4050 1483 4115 dif-

407 4154 525 4239 ferunt,
559 4157 646 4243 quod
670 4158 760 4222 vocis
784 4148 969 4241 αὐτομάτου
991 4157 1086 4223 latior
1109 4166 1157 4223 est
1180 4158 1230 4222 vis
1259 4167 1291 4223 et
1317 4157 1361 4223 ad
1387 4157 1482 4244 plura

410 4263 553 4346 pertinet
577 4285 676 4350 quam
698 4260 788 4354 τύχη.
834 4263 928 4351 phys.
954 4287 1019 4329 aer.
1043 4268 1181 4333 197236.
1227 4258 1305 4355 τόχη
1330 4265 1418 4330 enim
1440 4263 1483 4329 de

407 4369 447 4434 iis
471 4378 598 4436 tantum
622 4372 699 4457 poni
722 4380 838 4457 potest,
864 4363 1003 4451 ὁπόσοις
1019 4372 1145 4460 πρᾶξαι
1161 4364 1482 4461 ἐυδόχοται·ἇυόχιη
