3825 5384
842 624 1065 691 ..36-

421 788 613 880 ῖνπόόδενός
634 790 655 891 ἡ
678 795 869 887 εὐδαιμονία
892 798 1104 887 λαμβάνεται,
1128 792 1202 871 οόδέ
1225 796 1265 870 όν
1280 832 1331 885 τις
1345 803 1419 896 τάχη
1435 800 1495 898 τὴν

422 924 577 1015 μεγίστην
604 923 775 1014 τυραννίδα
801 923 893 1010 ἔχων,
921 916 1012 1005 αῖςό
1039 924 1134 1017 λόγος
1165 929 1306 1018 «μακραί
1335 929 1495 1021 τυράννων

378 1054 400 1117 4
424 1057 557 1140 χεῖρεςι·
586 1041 670 1117 άλλοῖ
699 1046 784 1139 πρός
810 1040 894 1119 άλλα
920 1048 1005 1131 ῖσως
1030 1051 1156 1141 μακραί
1182 1050 1262 1135 είσι,
1290 1051 1375 1145 πρὸς
1397 1056 1434 1124 δὲ
1456 1057 1494 1124 τό

424 1179 577 1245 καθελεῖν
608 1166 817 1261 εὐδαιμονίαν
849 1166 908 1245 οίκ
938 1177 1121 1267 ἐφικνεῖται
1151 1180 1256 1247 πλέον
1277 1183 1344 1247 τῶν
1374 1178 1493 1270 λόγων·

425 1301 510 1370 έοικε
542 1298 616 1392 γάρ,
646 1292 691 1381 αῖς
715 1293 862 1391 Ὅμηρος
892 1301 980 1391 λέγει
1011 1299 1117 1370 πάλιν
1153 1304 1215 1371 ἐπὶ
1245 1309 1304 1397 τῆς
1335 1312 1522 1399 πυκτικῆςῡ

977 1415 1005 1517 ᾦ
1028 1428 1064 1495 δὲ
1085 1418 1290 1498 κ”ιίπόλλων

693 1552 760 1645 δηῖη
785 1552 979 1644 καμμονίην,

429 1680 489 1771 την
523 1674 612 1764 ἶσχόν
644 1669 811 1766 ὀνομάζων
841 1679 916 1763 ε’μοῖ
943 1682 1033 1746 δοκεῖ
1056 1679 1195 1771 κοίτην
1218 1680 1421 1766 ἐμμένουσαν
1445 1672 1496 1750 εί·-

427 1802 539 1872 τονίαν
566 1804 601 1871 έν
622 1809 670 1893 τῷ
693 1802 927 1889 διαμάχεσθαι.

382 1925 403 1991 5
515 1929 570 2015 (εί
587 1929 624 1997 δέ
640 1934 710 2009 τοῖς
727 1922 951 2015 πόκταιςδεῖ)
967 1928 1114 1997 τοιούτου
1128 1927 1226 2013 τινός,
1242 1930 1301 1998 καὶ
1312 1928 1361 1999 ἔτι
1372 1934 1497 2018 μᾶλλον
1512 1949 1537 1987 1⁰

428 2062 500 2135 τοῖς
527 2055 588 2142 μέν
618 2052 827 2146 φιλοσόφοις,
858 2047 960 2139 (οἷς)
987 2054 1026 2123 τὸ
1048 2056 1108 2140 μέν
1131 2046 1239 2124 άθλον
1259 2045 1497 2146 εόδαιμονία[ς]

428 2180 530 2248 ἐστίν·
558 2172 579 2271 ἦ
600 2178 636 2248 δέ
658 2176 779 2270 ταύτην
801 2181 913 2265 λαβεῖν
935 2176 1103 2247 κωλύουσα
1125 2178 1227 2247 κακία
1249 2182 1497 2273 προβεβλημένη

428 2296 464 2374 οό
489 2302 544 2374 δόο
566 2310 687 2393 χεῖρας,
718 2300 803 2373 άλλδ
825 2307 949 2391 μάλλον
976 2304 1059 2385 ίόως
1085 2302 1170 2373 κατά
1193 2305 1249 2376 τὸν
1272 2304 1451 2396 Βριάρεων·
1475 2303 1495 2398 ἡ

429 2433 466 2500 δέ
481 2432 553 2522 νίκη
569 2436 626 2499 τοῦ
649 2429 905 2523 καρτερήσαντος
926 2431 1011 2520 πρός
1025 2427 1067 2499 τά
1084 2429 1185 2523 πάδη
1200 2431 1260 2500 καί
1273 2438 1378 2500 ταῖτα
1393 2440 1498 2501 καθε-

428 2554 556 2637 λόντος·
588 2552 605 2624 ό
635 2558 672 2624 δὲ
694 2551 842 2640 ὑπείξας,
875 2551 937 2625 κόν
969 2558 1109 2647 πλουτῇ,
1144 2548 1189 2637 ιός
1222 2559 1304 2647 παρ’
1327 2549 1456 2649 Ὁμήρῳ
1479 2549 1539 2626 ό15

423 2674 584 2774 ηττηθείς
606 2686 670 2751 τῶν
694 2680 918 2751 πυκτευόντων
941 2682 1000 2751 καί
1023 2683 1170 2751 ἐνταῦθα
1189 2690 1324 2773 χρυσοῦν
1340 2682 1498 2773 ποτήριον

425 2807 509 2893 έχων
530 2802 551 2899 ἢ
574 2802 725 2897 οῖργόρεον
747 2802 803 2899 ἥτε
826 2802 906 2877 άλλο
928 2807 1063 2899 τυχηρὸν
1086 2811 1190 2896 δῶρον
1213 2803 1328 2898 άγεται
1351 2801 1406 2899 όφ’
1426 2807 1496 2877 έτέ-

425 2960 499 3022 ρων,
524 2924 582 3001 οόκ
604 2931 699 3014 είδιός
722 2926 819 3002 όποι·

511 3059 606 3127 καδδ
632 3053 892 3148 ἀλλοφρονέοντα
915 3055 1000 3145 μετά
1023 3083 1136 3147 σφισιν
1158 3051 1251 3126 εἷσαν
1274 3048 1415 3147 άγοντες.

511 3184 565 3259 *ἢ
585 3172 623 3251 οῖ)
638 3185 760 3251 πολλοὶ
774 3182 1012 3269 καταμίξαντες
1024 3182 1079 3258 †**
1098 3179 1255 3263 ὡσαύτως
1273 3183 1330 3253 τόν
1349 3178 1497 3274 άπελλη·
1511 3196 1538 3237 ²⁰

424 3306 532 3396 (τόν)
556 3307 725 3399 γενόμενον
747 3316 806 3399 τῆς
829 3307 1042 3399 φιλοσοφίας.

514 3537 530 3589 2
550 3533 588 3589 ad
605 3535 699 3589 verba
717 3536 826 3607 μακραὶ
847 3524 989 3603 τυράννων
1004 3538 1096 3604 χεῖρες
1113 3537 1147 3585 in
1165 3535 1301 3603 margine
1320 3535 1459 3605 παροιμία
1472 3532 1498 3585 L

428 3645 445 3698 3
466 3637 567 3709 άλληλα
588 3660 643 3713 pro
667 3636 734 3695 ἀλλὰ
752 3642 778 3696 L
832 3642 849 3695 6
869 3639 904 3695 cf.
928 3658 1035 3695 comm.
1090 3641 1125 3695 10
1144 3644 1169 3693 εἰ
1192 3637 1225 3692 δὲ
1244 3644 1301 3699 τοῖς
1319 3630 1437 3699 πόκταις
1456 3637 1502 3692 δεῖ

432 3750 542 3807 adiecit
554 3750 626 3805 Keil
680 3750 712 3803 11
734 3743 775 3809 οἷς
793 3748 897 3803 adieci:
917 3742 1103 3820 εὐδαιμονίας
1120 3745 1204 3800 codd.
1260 3748 1294 3801 17
1314 3737 1411 3814 ἣάλλο
1424 3765 1450 3799 τι
1464 3744 1498 3817 O]

930 3875 935 3894 ι
988 3856 1033 3889 Tm

1033 3880 1072 3935 σε
1127 3882 1162 3935 18
1183 3842 1292 3953 δαῖε
1357 3881 1391 3935 19
1419 3874 1499 3933 εἷσαν

425 3992 560 4062 restitui]
590 3983 662 4058 ἦσαν
690 3989 774 4046 εοδδ,
839 3990 874 4044 20
901 3990 1028 4043 lacunas
1056 3987 1190 4042 indicavi
1218 3994 1287 4043 ante
1316 3973 1349 4040 οὗ
1376 3992 1407 4042 ελ
1429 3992 1500 4059 post

426 3877 472 3953 ἥτε
491 3876 556 3937 άλλο
574 3885 696 3954 reliqui:
716 3874 837 3952 άγεσθαι
854 3882 893 3936 L:
918 3876 988 3951 ῖιγεσ

427 4102 721 4173 καταμίξαντεςετοῐς
748 4100 859 4157 πολλοῖς
885 4100 1046 4168 μυομοεαλλ
1073 4096 1157 4150 Keil:
1185 4093 1315 4151 fortasse
1344 4095 1373 4147 οἱ
1399 4094 1499 4147 πολλοὶ

427 4247 608 4316 κομίσαντεςι
628 4240 663 4296 ef.
693 4246 864 4296 commenta
898 4230 1030 4299 εἰσαότως
1059 4205 1244 4310 γωῖίσαότως
1274 4237 1312 4292 P:
1346 4230 1502 4304 ἆπελλητὸν

425 4355 555 4407 coniecit
573 4349 796 4404 Reitzenstein:
822 4342 911 4420 άμελῆ
929 4346 1018 4416 Keil]
1046 4340 1160 4412 Ἀπελλῇ
1180 4343 1265 4399 codd.
1285 4341 1320 4397 cf.
1341 4348 1501 4399 comment.
