3825 5384
881 604 1103 669 ..20-

547 785 676 871 οχῆμοι
705 771 894 849 καθ’ὅλον
923 780 990 848 καὶ
1018 780 1137 869 μέρος
1164 779 1277 845 semel:
1308 771 1389 847 ὅθεν
1410 778 1469 847 καὶ
1491 776 1527 845 αὶ

456 883 604 967 κολολσεις
619 885 654 955 οἱ
671 886 730 973 μὲν
747 938 754 953 .
773 939 780 955 .
799 938 807 952 .
826 884 860 955 αλ
879 888 923 955 δὲ.
967 888 1075 953 Attica
1096 886 1179 952 haee
1202 887 1308 973 figura
1329 885 1468 952 habetur
1490 886 1525 950 in

455 993 552 1060 schol.
577 993 681 1059 Thuo.
697 994 764 1059 VII
779 996 832 1060 44.
857 995 892 1061 8:
917 990 950 1061 οὶ
974 990 1137 1082 δ’ὕστερον
1159 984 1304 1085 ἥκοντες·
1329 983 1463 1062 detrudo
1485 990 1524 1059 τὸ

455 1107 580 1192 σχῆμα·
604 1090 680 1169 dni
702 1102 759 1170 τοῦ
783 1104 848 1168 τῶν
866 1092 1041 1188 δ’ὗσιέρων
1056 1091 1213 1190 ἡκόντων.
1254 1100 1295 1165 of.
1312 1101 1411 1166 etiam
1425 1098 1522 1166 schol.

455 1206 557 1275 Thuo.
581 1208 634 1273 HI
649 1211 678 1275 2.
698 1211 727 1273 1.

754 1386 786 1476 ὃ)
810 1389 853 1459 de
876 1386 1134 1475 partioularum
1155 1406 1234 1456 usn.

435 1566 437 1577 .
546 1503 595 1591 ος
617 1500 691 1600 λριι
716 1515 787 1597 §93
811 1513 920 1579 Attice
944 1487 1078 1578 uatum.
1126 1511 1167 1576 cf.
1191 1510 1326 1577 sumn
1347 1512 1473 1579 11303.
1568 1543 1570 1551 ,

545 1617 665 1687 πάλιν
688 1611 734 1688 οὗ
757 1622 823 1704 §o
855 1610 900 1688 οὗ
923 1622 1009 1702 ξ42.
1041 1609 1089 1686 αὖ
1103 1616 1265 1705 particula
1280 1617 1451 1705 paullatim
1470 1617 1525 1682 ob·

455 1726 625 1811 soleverat,
643 1728 678 1791 in
694 1728 734 1793 N.
745 1727 781 1792 Τ.
797 1728 928 1793 omnino
944 1727 1036 1792 deest
1051 1726 1105 1814 (of.
1120 1724 1224 1809 Blass‚
1241 1725 1388 1792 Gramm.
1403 1725 1433 1791 d.
1449 1746 1525 1791 neu·

453 1844 527 1900 test.
553 1833 686 1901 Grieoh.
719 1856 750 1921 p.
771 1837 842 1919 60);
862 1832 974 1902 πάλιν
1004 1824 1046 1901 αὖ
1076 1855 1233 1920 persaepe
1264 1832 1407 1899 oeourrit
1437 1831 1525 1916 apud

453 1940 632 2007 Aristidem
671 1940 831 2029 (Schmin
847 1942 882 2006 Π
914 1939 993 2024 303)
1032 1940 1174 2006 Dionem
1212 1939 1360 2028 (Schmid
1396 1940 1414 2003 I
1446 1938 1525 2021 182)

453 2048 637 2114 Lucianum
664 2048 813 2135 (Schmid
835 2048 957 2133 1424).
1281 2091 1283 2096 ·

543 2155 676 2223 καί-δέ
703 2160 745 2239 ἓξ
762 2158 791 2223 2.
815 2158 867 2223 20.
893 2157 945 2221 31.
979 2158 1031 2224 36.
1086 2154 1297 2239 Xenophonti
1326 2154 1523 2220 adamatum.

455 2262 495 2329 of.
519 2261 653 2328 Schmid
675 2262 725 2329 IV
741 2264 818 2331 556.

542 2369 679 2454 μέντοι
695 2374 737 2452 ἐξ
754 2372 806 2437 30.
824 2373 875 2437 32.
913 2368 1085 2453 paullatim
1099 2367 1272 2452 obsolevit3
1291 2368 1421 2452 saepius
1435 2366 1523 2451 apud

453 2477 595 2543 Dionem
612 2476 761 2562 (Schmid
776 2477 794 2540 I
810 2476 889 2561 186)
906 2485 940 2541 et
954 2476 1139 2541 Lucianum
1156 2474 1302 2559 (Schmid
1316 2475 1335 2539 I
1349 2478 1406 2558 42)
1422 2485 1522 2556 extat,

455 2584 496 2650 ab
515 2584 647 2671 reliquis
662 2582 826 2649 Atticistis
842 2583 1030 2671 neglectum
1049 2582 1181 2648 videtur
1197 2604 1280 2667 esse;
1304 2584 1344 2648 of.
1360 2583 1523 2667 Hartung,

381 2734 382 2741 1
454 2691 573 2778 grieoh.
589 2692 679 2757 Part.
696 2691 732 2757 H
748 2694 822 2759 295.

542 2800 614 2864 Iam
637 2799 791 2886 sequitur,
814 2808 851 2864 ut
874 2799 916 2864 de
938 2799 979 2863 iis
1000 2799 1150 2879 referam,

453 2977 489 3062 b)
514 3001 598 3067 quae
620 3001 669 3044 ex
690 2980 946 3065 posteriorum
975 2980 1211 3065 scriptorum
1231 2980 1373 3044 dictione
1396 2988 1524 3065 sumpta

455 3095 540 3170 sunt,

775 3217 810 3295 α)
833 3215 872 3280 in
895 3215 1093 3282 formarum
1115 3231 1199 3298 usur

543 3327 727 3424 ἀργύρεον
751 3342 770 3419 ἓ
793 3339 825 3404 5.
873 3337 914 3404 of.
938 3361 1036 3424 supra
1060 3360 1130 3425 oap.
1154 3337 1207 3402 ΠΙ
1230 3334 1319 3403 Αεα.

543 3442 656 3524 ναούς
671 3449 690 3527 ἕ
704 3447 758 3513 25.
795 3444 969 3511 Atticistae
984 3446 1114 3511 numeri
1129 3444 1210 3532 plur.
1228 3445 1409 3509 accusativi
1423 3443 1524 3510 solam

454 3552 591 3617 formam
613 3549 692 3631 νειός
713 3563 882 3639 usurpant.
930 3552 970 3617 cf.
993 3552 1129 3618 Sehmid
1152 3551 1202 3617 IV
1225 3553 1301 3619 580.

542 3652 707 3747 ἤμελλον
740 3664 759 3741 ἕ
789 3664 823 3742 1,
847 3683 913 3725 non
944 3658 1088 3746 ἔμελλον.
1144 3658 1228 3725 haee
1260 3659 1364 3724 forma
1395 3660 1524 3725 omnino

454 3788 518 3831 non
542 3766 630 3853 apud
654 3765 838 3832 Lucianum
861 3752 1009 3853 (Schmid
1024 3768 1041 3831 Ι
1059 3766 1138 3852 229)
1163 3788 1270 3853 neque
1292 3765 1524 3831 Philostratum

454 3872 602 3958 (Schmid
620 3872 670 3939 IV
689 3873 758 3961 28),
793 3874 882 3960 apud
908 3872 1088 3939 Aristidem
1120 3884 1153 3938 et
1174 3872 1349 3939 Aelianum
1380 3871 1525 3956 (Schmid

453 3980 506 4045 III
529 3982 586 4063 33)
610 3980 709 4045 semel
732 3989 832 4046 extat.

542 4085 731 4173 μειζόνως
762 4091 859 4173 ξ27.
917 4112 993 4154 rara
1025 4099 1101 4154 sunt
1140 4089 1228 4175 apud
1252 4088 1378 4154 Atticos
1410 4086 1524 4180 adrer-

452 4194 509 4259 bia
545 4192 768 4281 temperativa
808 4198 963 4262 exeuntia
998 4198 1033 4262 in
1069 4222 1129 4275 -ως
1164 4218 1222 4283 pro
1260 4220 1324 4281 -ον;
1367 4187 1524 4281 μειζόνως

454 4302 540 4387 apud
563 4302 761 4369 Aeschinem
784 4313 844 4388 ter,
878 4303 1133 4388 Aristophanem
1156 4304 1271 4389 semel,
1294 4300 1522 4390 Thucydidem
