3825 5384
905 594 1128 662 -10‘-

565 773 671 858 Igitur
694 772 740 836 Ψ
756 772 803 836 Ψ
825 783 861 838 ut
885 774 1031 839 eiusdem
1054 784 1153 861 atque
1177 774 1205 839 L
1228 774 1371 841 familiae
1395 787 1484 857 sunt,
1513 777 1547 841 id

478 880 565 969 quod
587 903 686 967 supra
717 880 974 945 demonstratum
1006 889 1068 963 est,
1100 881 1148 945 ita
1170 881 1252 946 alius
1274 904 1317 947 ex
1338 883 1402 947 ista
1424 882 1548 949 familia

478 987 636 1054 deductae
659 988 776 1073 stirpis.
823 1009 884 1051 nec
915 1010 994 1053 vero
1025 986 1081 1052 illa
1103 989 1341 1054 Vaticanorum
1373 991 1548 1056 necessitas

476 1105 567 1162 tanta
590 1106 653 1179 eet,
684 1106 721 1160 ut
745 1094 882 1159 alterum
905 1118 948 1159 ex
972 1094 1074 1159 altero
1098 1094 1285 1161 derivatum
1308 1119 1378 1163 esse
1403 1106 1546 1164 statuere

475 1225 607 1269 necesse
631 1202 681 1267 sit.
727 1201 804 1267 licet
827 1203 913 1266 eninr
936 1202 1053 1266 iisdem
1077 1203 1173 1268 ambo
1189 1203 1338 1269 laborent
1353 1215 1547 1271 accentuum

477 1308 668 1396 corruptelis
699 1309 880 1396 iisdemque
907 1311 941 1373 in
965 1308 1102 1374 vocibus
1125 1308 1222 1375 ambo
1246 1322 1378 1376 careant
1401 1311 1547 1380 litterar
1638 1310 1641 1319 ’

477 1418 654 1502 adscripta,
683 1426 805 1482 restant
828 1426 938 1481 tamen
962 1416 1176 1493 differentiae,
1202 1441 1285 1504 quae
1309 1420 1459 1504 quamvis
1483 1421 1547 1485 sint

476 1533 601 1607 tenues,
624 1522 717 1588 nihili
740 1536 850 1588 tamen
874 1546 939 1587 non
963 1534 1046 1589 sunt.
1093 1522 1209 1610 quibus
1233 1526 1266 1589 in
1290 1526 1495 1591 excutiendis
1514 1537 1548 1592 et

476 1631 685 1697 aestimandis
709 1654 747 1695 eo
771 1628 931 1695 adductus
955 1652 1041 1712 sum,
1071 1641 1194 1695 utnon
1217 1630 1356 1697 alterum
1379 1629 1421 1697 ab
1445 1632 1546 1699 altero

477 1740 675 1825 descriptum
707 1760 790 1818 esse,
825 1738 880 1803 sed
906 1748 1080 1825 utrumque
1103 1737 1146 1802 ad
1169 1738 1308 1804 eundem
1333 1739 1546 1827 archetypum

477 1846 525 1934 (v)
548 1846 656 1911 redire
680 1845 760 1910 mihi
782 1845 1006 1931 persuaserim.
1053 1846 1145 1910 cuius
1168 1847 1216 1910 rei
1243 1869 1344 1911 unum
1376 1870 1482 1933 neque
1513 1847 1548 1912 id

474 1952 675 2019 levissimum
699 1961 928 2038 argumentum
949 1951 1027 2016 inde
1050 1962 1177 2039 repeto,
1207 1952 1294 2040 quod
1316 1954 1351 2018 in
1373 1955 1421 2020 V2
1443 1955 1547 2020 rubri-

477 2070 548 2125 cata
579 2060 744 2125 interdum
775 2058 957 2124 litteratura
990 2058 1244 2146 fragmentorum
1275 2062 1369 2126 initia
1395 2060 1548 2127 librarius

476 2169 636 2250 exaravit,
659 2189 724 2231 non
747 2168 825 2231 item
847 2165 954 2231 in·V1.
994 2168 1086 2253 atqui
1108 2168 1180 2232 veri
1202 2166 1451 2233 dissimillimum
1472 2193 1548 2235 cum

478 2277 519 2342 sit
534 2274 704 2340 librarium
719 2274 766 2339 Ψ
788 2274 922 2360 propria
943 2274 1095 2338 Minerva
1110 2296 1204 2339 usum
1220 2275 1349 2360 singula
1363 2276 1548 2362 fragmenta

477 2392 566 2449 recte
590 2382 787 2463 distinxisse,
811 2382 967 2467 sequitur,
991 2381 1025 2445 in
1044 2380 1203 2467 exemplo,
1228 2404 1291 2469 quo
1313 2383 1366 2447 ille
1388 2406 1465 2448 usus
1488 2394 1547 2468 est,

477 2499 703 2575 excerptorum
726 2490 820 2553 initia
843 2488 953 2554 rubra
966 2489 1140 2574 scriptione
1163 2490 1328 2574 insignata
1351 2490 1463 2575 fuisse3
1494 2492 1547 2556 cui

476 2598 594 2663 rationi
616 2596 715 2662 fidem
739 2595 830 2661 addit
851 2594 934 2660 liber
956 2596 1000 2678 L,
1032 2596 1089 2682 qui
1115 2619 1157 2660 ex
1180 2596 1294 2660 eadem
1318 2606 1415 2684 atque
1439 2598 1485 2663 Ψ
1502 2598 1548 2662 Ψ

476 2702 599 2769 familia
623 2713 712 2769 ortus
736 2703 850 2769 eadem
874 2704 1056 2788 scriptionis
1072 2701 1258 2768 rubricatae
1275 2705 1397 2784 virtute
1412 2706 1547 2792 insignis

477 2820 535 2877 est.
581 2810 643 2876 fuit
673 2811 773 2896 igitur
805 2808 906 2875 rubra
938 2810 1070 2895 scriptio
1102 2811 1136 2874 in
1171 2809 1348 2898 archetypo
1382 2836 1415 2895 a,
1454 2814 1547 2877 cuius

476 2919 652 3004 imaginem
675 2918 722 2983 Ψ
745 2940 820 2982 cum
844 2918 1029 2981 accuratius
1054 2940 1151 3004 quam
1174 2917 1221 2982 Ψ
1243 2940 1433 3004 expressam
1457 2919 1548 2984 exbi-

476 3026 563 3107 beat,
585 3025 657 3091 fieri
680 3047 745 3089 non
768 3032 885 3110 potest,
909 3033 944 3089 ut
967 3047 1012 3089 ex
1027 3024 1073 3089 Ψ
1096 3024 1279 3110 descriptus
1300 3027 1351 3090 sit.
1390 3050 1499 3114 neque
1516 3028 1546 3093 ei

477 3132 565 3219 quod
594 3132 733 3197 alterum
763 3132 899 3197 fortasse
929 3152 1056 3195 sumere
1086 3130 1175 3212 licet,
1207 3132 1296 3197 locus
1326 3132 1458 3200 relictus
1488 3143 1546 3217 est,

409 3334 413 3343 .
478 3274 551 3340 dico
575 3275 622 3340 Ψ
647 3298 690 3341 ex
712 3274 760 3341 Ψ
786 3276 969 3361 provenire.
1016 3274 1136 3361 legitur
1167 3275 1254 3339 enim
1285 3277 1319 3339 in
1347 3276 1393 3341 Ψ
1426 3258 1546 3365 dycb‘n,

476 3384 510 3447 in
525 3381 572 3448 Ψ
594 3372 718 3471 byrrus,
743 3406 839 3470 quam
863 3381 1039 3448 lectionum
1054 3383 1246 3447 varietatem
1261 3381 1324 3447 hac
1339 3406 1406 3448 una
1421 3385 1547 3450 ratione

477 3488 634 3577 explicari
656 3489 817 3571 existimo,
842 3500 878 3554 ut
893 3491 927 3553 in
944 3489 1123 3575 archetypo
1140 3489 1309 3554 amborum
1325 3490 1373 3575 (v)
1389 3492 1546 3577 scriptum

477 3633 576 3698 luisse
603 3654 767 3698 sumamus
795 3611 959 3719 dyrodb‘l:
993 3631 1069 3696 hinc
1098 3632 1277 3717 genuinum
1306 3626 1419 3720 ἄγεται
1443 3635 1477 3697 in
1499 3635 1547 3699 Ψ

476 3740 639 3827 pervenit,
673 3761 738 3825 qua
766 3760 785 3803 e
812 3738 951 3825 simplici
967 3737 1116 3803 lectione
1138 3737 1276 3804 biforme
1298 3738 1379 3803 illud
1403 3739 1478 3804 libri
1499 3741 1547 3806 Ψ

477 3846 564 3913 nullo
587 3846 682 3912 modo
706 3847 784 3911 oriri
798 3846 913 3931 potuit.
949 3846 1071 3932 itaque,
1096 3868 1170 3910 cum
1186 3869 1293 3932 neque
1306 3845 1356 3910 -Ψ
1371 3868 1414 3911 ex
1429 3847 1475 3912 Ψ
1490 3870 1545 3913 ne-

478 3977 541 4042 que
564 3954 611 4019 Ψ
634 3977 677 4019 ex
699 3951 747 4018 Ψ
770 3952 914 4018 derivari
937 3954 1051 4037 possit,
1073 3951 1173 4018 libros
1194 3954 1370 4018 Vaticanos
1393 3954 1545 4040 gemellos

476 4084 546 4127 esse
570 4061 726 4148 sequitur.
