3825 5384
878 619 1198 744 --οε-,ι

453 846 503 911 ed.
528 816 644 913 Valck.
668 868 700 933 p.
725 849 783 913 29:
807 844 978 936 βάραθρος
1002 849 1059 916 καὶ
1081 841 1252 937 βάραθρον
1275 850 1424 940 διαφέρει
1440 869 1449 885 ·
1462 847 1524 936 βτί-

452 958 575 1042 ραθρος
601 953 662 1038 μὲν
690 949 750 1043 γὰρ
775 950 792 1021 ὃ
814 952 986 1043 βαράθρου
1014 949 1113 1035 ίίξιος.
1160 955 1201 1020 cf.
1227 955 1306 1021 Luc.
1331 958 1445 1042 pseud.
1471 961 1522 1025 17.

452 1060 565 1126 Thom.
588 1060 675 1147 Mag.
702 1064 776 1129 140.
823 1061 949 1127 Anecd.
974 1060 1108 1128 Bachm.
1131 1062 1167 1127 H
1190 1064 1264 1131 dii.
1289 1102 1330 1111 -—

399 1168 442 1235 38
541 1167 595 1233 De
619 1168 738 1235 ἵππιον
761 1168 829 1259 θέα
854 1169 893 1237 cf.
916 1168 1014 1234 Dion.
1039 1168 1156 1256 Chrys.
1171 1168 1310 1235 XXXII
1332 1174 1386 1237 31.
1412 1172 1464 1237 81.
1482 1209 1524 1219 -

453 1275 566 1343 Verba
593 1266 822 1365 ὑπεμίμνησκε
844 1299 948 1364 usque
970 1278 1013 1343 ad
1034 1274 1115 1345 θεὸν
1138 1272 1211 1345 ἀπὸ
1233 1282 1316 1345 θεοῦ
1337 1299 1403 1342 non
1424 1278 1526 1363 ipsius

454 1385 590 1450 oratoris
613 1394 702 1466 sunt,
731 1384 789 1449 sed
812 1387 1022 1471 excerptoris.
1069 1408 1145 1449 nam
1173 1409 1193 1450 a
1216 1384 1379 1470 sophistae
1401 1384 1525 1449 ratione

452 1490 487 1555 in
512 1491 645 1557 dicendi
667 1502 737 1558 crte
761 1494 885 1557 versati
907 1492 1061 1558 abhorret
1084 1491 1156 1557 talis
1173 1502 1357 1557 structurae
1372 1492 1524 1574 varietas,

453 1598 557 1685 qualis
582 1608 630 1663 est
652 1589 861 1689 ὑπεμίμηοιιε
879 1598 982 1687 λέγων
997 1591 1041 1679 τίς
1058 1652 1065 1665 .
1084 1651 1113 1666 ..
1130 1600 1188 1666 καί
1212 1591 1263 1667 ὅτι
1275 1649 1282 1664 .
1294 1646 1302 1661 .
1315 1622 1334 1661 .·
1364 1598 1526 1686 διελέγετο

454 1705 532 1793 περί
548 1711 639 1773 θεῶν
654 1704 857 1793 θεραπείας.
871 1757 898 1772 ..
914 1706 968 1773 καί
983 1697 1027 1786 ιῦς
1037 1757 1045 1772 .
1057 1756 1085 1773 ..
1101 1708 1159 1772 καί
1170 1698 1284 1785 ὅπως.
1296 1758 1324 1773 ..
1340 1705 1396 1773 καί
1414 1698 1466 1773 ὅτι
1477 1758 1484 1772 .
1496 1757 1524 1773 ..

452 1806 626 1903 μηδέίναι.
665 1822 840 1899 propterea
860 1814 959 1878 etiam
976 1804 1069 1893 ὅπως
1084 1807 1124 1879 dv
1140 1864 1148 1880 .
1167 1864 1174 1882 .
1191 1864 1199 1880 .
1216 1810 1406 1901 γιγνώμεθα
1423 1814 1456 1896 (ἓ
1469 1812 1525 1899 39)

453 1921 488 1984 in
521 1918 730 2008 γιγνοίμεθα,
762 1920 799 1985 id
830 1920 918 2006 quod
949 1921 1075 1986 ratione
1109 1920 1323 2005 grammatica
1347 1919 1525 2005 flagitatur,

425 2030 428 2039 “
455 2038 581 2092 mutere
614 2026 716 2111 nolui3
750 2049 825 2091 nam
858 2027 967 2092 media
998 2050 1042 2093 ex
1074 2050 1155 2092 vera
1186 2027 1348 2114 sophistae
1379 2027 1524 2092 oratione

454 2133 534 2199 haec
557 2134 751 2221 deprompta
773 2144 858 2200 sunt.
883 2172 927 2183 -
1470 2208 1474 2217 q

400 2242 445 2309 40
544 2240 615 2306 Iam
638 2241 716 2306 inde
745 2264 764 2306 a
794 2240 904 2306 verbis
936 2236 1039 2307 ταίντὰ
1071 2227 1093 2307 d
1125 2242 1193 2307 κτλ.
1218 2242 1362 2327 genuina
1391 2240 1525 2305 oratoris

454 2347 557 2413 verba
572 2357 765 2436 sequuntur,
784 2349 892 2413 media
907 2370 949 2412 ex
965 2349 1195 2414 enuntiationis
1211 2357 1375 2413 structura
1389 2358 1524 2412 resecta.

454 2492 497 2503 -
522 2454 564 2519 ad
586 2456 699 2543 λέγεις,
725 2454 811 2542 quod
835 2463 1024 2541 corruptum
1046 2465 1106 2538 est,
1129 2456 1165 2519 in
1186 2456 1334 2540 margine
1357 2453 1526 2519 annotavit

454 2561 570 2649 aliquis
592 2585 708 2628 verum
730 2560 843 2651 ἔλεγες,
870 2585 952 2649 quae
975 2586 1042 2628 vox
1064 2571 1193 2648 postea,
1221 2585 1288 2627 non
1316 2560 1423 2627 delete
1444 2582 1526 2634 voce

454 2669 567 2757 λέγεις,
592 2671 628 2735 in
650 2667 768 2734 falsum
792 2678 965 2735 contextus
987 2668 1094 2736 locum
1118 2670 1258 2755 irrepsit.
1275 2708 1319 2717 -
1341 2668 1385 2733 ad
1400 2678 1526 2733 senten·

453 2778 533 2841 tiam
561 2776 602 2841 cf.
620 2776 702 2842 Plat.
719 2799 745 2840 r.
761 2798 794 2863 p.
811 2776 864 2841 ΙΠ
878 2780 943 2843 412
957 2776 983 2841 0
1000 2799 1072 2863 sqq.
1110 2777 1255 2841 Aristox.
1281 2776 1368 2862 apud
1387 2774 1525 2841 810511.

330 2927 332 2937 ·
371 2944 375 2959 ,
454 2885 489 2949 Π
511 2906 544 2970 Ρ.
570 2885 611 2950 88
635 2884 901 2951 Mein.=FHG
922 2882 1040 2949 Mulier
1062 2884 1196 2951 11276.
1221 2922 1265 2931 —
1291 2937 1295 2943 .

401 2993 441 3057 41
546 2990 586 3057 cf.
611 3011 643 3076 p.
671 2994 723 3057 12.
1542 3032 1545 3040 -

400 3100 443 3164 42
534 3097 598 3191 ΙΑιί
625 3086 778 3186 ἄρχοντας
812 3109 845 3163 et
872 3088 1068 3186 ἆρχομένους
1096 3096 1136 3164 cf.
1159 3095 1260 3162 Arist.
1283 3095 1345 3183 pol.
1370 3095 1522 3163 12591‘39

455 3228 522 3292 sqq.
568 3204 903 3273 Eth.Eud.1249b6.
930 3206 1091 3271 1554219.
1107 3241 1151 3252 -
1168 3204 1209 3269 de
1234 3195 1331 3282 ὅπως
1353 3198 1394 3270 dv
1418 3226 1444 3269 c.
1460 3214 1523 3289 opt.

456 3313 627 3377 coniuncto
652 3311 694 3377 cf.
717 3334 749 3399 p.
776 3316 828 3379 19.
854 3350 895 3361 -

401 3412 445 3487 43
544 3419 598 3485 Ι)ο
622 3419 819 3503 Xenocratis
851 3441 1006 3505 responso
1039 3420 1081 3485 cf.
1105 3420 1202 3505 Diog.
1225 3417 1333 3483 Laert.
1357 3418 1406 3481 IV
1430 3420 1524 3501 §102

455 3525 541 3615 πρὸς
564 3526 601 3593 δὲ
623 3524 680 3593 τὸν
701 3522 785 3617 μήτε
806 3522 963 3617 μουσικὴν
985 3524 1067 3617 μήτε
1090 3523 1288 3615 γεωμετρίαν
1310 3518 1395 3615 μήτε
1410 3516 1526 3612 οἶστρο-

455 3632 572 3719 νομίαν
594 3628 823 3723 μεμαθηκότα,
851 3632 1047 3721 βουλόμενον
1077 3633 1114 3700 δὲ
1141 3634 1223 3722 παρ’
1253 3626 1353 3700 αὐτὸν
1375 3636 1524 3722 φοιτᾶν·

456 3737 608 3829 πορεύου,
625 3739 698 3832 ἔφη,
715 3736 820 3826 λαβὰς
835 3736 896 3830 γὰρ
912 3732 970 3809 οὖν
985 3740 1067 3825 ἓγεις
1081 3739 1294 3830 φιλοσοφίας.
1334 3738 1374 3805 cf.
1391 3738 1526 3821 Heinze‚

455 3848 658 3914 Xenocrates
681 3870 712 3935 p.
739 3850 813 3915 159.

404 3957 448 4022 44
548 3952 665 4023 πειθοί
688 3955 928 4022 oboedientiam
951 3956 1128 4043 siguificat:
1153 3956 1237 4022 Xon.
1262 3954 1391 4043 Cyan
1414 3956 1524 4020 3.19:

457 4067 561 4131 ταῦτα
584 4053 776 4150 δ’ἆγασθείς
795 4055 811 4131 ὁ
829 4069 935 4152 Κῦρος
951 4063 1083 4148 τοῦμὲν
1097 4060 1271 4150 ταξιάρχου
1286 4058 1344 4153 τὴν
1367 4059 1525 4138 ἐπίνοιαν,

457 4176 524 4237 τῶν
547 4171 583 4237 δὲ
606 4166 666 4261 τὴν
688 4176 816 4252 πειθιῦ,
841 4164 893 4238 ὅτι
916 4162 987 4255 ἅμα
1009 4169 1070 4256 μὲν
1090 4167 1315 4256 ἐγυμνάζοντο,
1340 4160 1410 4253 ἅμα
1427 4168 1456 4234 δ’
1479 4156 1525 4233 εὖ·
1560 4197 1564 4203 ·

456 4284 631 4363 θυμοῦντο.
684 4277 803 4365 Cyrop.
822 4278 875 4343 III
894 4280 923 4344 3.
948 4281 978 4345 8.
1002 4302 1027 4344 r.
1050 4277 1139 4364 pubi
1162 4277 1241 4343 Lac.
1258 4280 1287 4343 ΙΙ
1304 4279 1335 4344 2.
1374 4285 1447 4364 post
1467 4280 1526 4340 τοῦ

458 4381 610 4475 πλήθους
633 4386 756 4450 excidit
772 4407 848 4469 vox,
872 4408 997 4472 exque
1017 4385 1183 4470 genitivus
1198 4382 1375 4470 pendebat.
1417 4383 1526 4469 agitur
