3825 5384
856 567 992 664 444
1038 634 1080 645 -

428 775 747 863 μετονομαζομένους
769 767 837 844 ὖπό
860 802 947 856 τινος
970 764 1109 865 ἆγυρτοῦ
1128 774 1186 843 καὶ
1213 772 1323 865 ἑτέρου
1349 769 1497 845 τοιοότου

428 888 631 996 βαροίθρου.μ
710 963 713 969 ,

376 1010 418 1076 38
517 1004 745 1099 ὑπεμίμνησκε
781 1008 820 1077 δέ
849 1034 883 1075 τι
915 1007 1021 1097 λέγων
1052 1009 1110 1076 καί
1142 1006 1220 1097 περὶ
1256 1007 1317 1087 τὰς
1351 1004 1500 1089 ἱππικὰς

428 1123 617 1219 θεωρήσεις,
645 1117 689 1206 ὦς
716 1123 767 1217 εἴη
796 1122 1004 1215 γελοιότατον
1030 1124 1107 1205 τοὺς
1131 1123 1194 1212 μέν
1222 1116 1370 1215 ἡνιόχους
1394 1118 1500 1215 όίρχειν

428 1247 494 1311 τῶν
517 1242 649 1324 ἵππων,
673 1240 749 1323 τοδς
771 1242 808 1309 δέ
837 1240 963 1321 θεατὰς
988 1236 1057 1309 δπδ
1084 1246 1151 1308 τῶν
1181 1241 1305 1307 ἵππων
1331 1234 1526 1330 ίίρχεσθαι,5

426 1356 484 1425 καὶ
518 1350 571 1427 ὅτι
608 1364 712 1427 ταῦτα
749 1347 846 1444 όχλου
882 1356 1024 1447 παίγνια
1057 1357 1283 1448 πεποιημένα,
1315 1355 1498 1438 παίζοντας

374 1476 416 1541 39
428 1478 635 1543 πλανᾶσθαι.
664 1476 824 1563 διελέγετο
853 1474 900 1542 δέ·
916 1476 975 1543 καί
1004 1473 1083 1564 περὶ
1109 1477 1201 1543 θεῶν
1227 1472 1413 1563 θεραπείας
1443 1470 1500 1542 τδν

428 1588 561 1659 ἐοικότα
587 1589 683 1681 λόγον
711 1591 768 1660 καὶ
795 1597 853 1659 τοῦ
879 1590 1035 1679 μεγίστου
1059 1587 1262 1679 Σαράπιδος,
1292 1584 1338 1669 ὡς
1358 1589 1419 1680 χρὴ
1444 1588 1501 1678 φί-

427 1707 502 1787 λους
533 1702 618 1775 εἶναι
653 1710 778 1792 μᾶλλον
810 1701 832 1797 ἢ
869 1704 1013 1786 κόλακας
1049 1706 1108 1774 καί
1145 1698 1241 1786 ὅπως
1278 1699 1318 1772 ἷίν
1353 1702 1501 1792 μάλιστα

428 1821 615 1911 γιγνώμεθα
647 1823 741 1915 φίλοι
776 1829 823 1912 τῷ
855 1828 927 1911 θεῷ
957 1821 1015 1889 καί
1047 1814 1099 1889 δτι
1129 1816 1176 1912 μὴ
1208 1820 1267 1912 χρὴ
1298 1819 1499 1911 μεμερίσθαι
1516 1840 1540 1875 10

427 1939 505 2029 περὶ
529 1940 604 2021 τοὺς
625 1940 725 2019 θεούς
746 1940 824 2030 μηδ’
848 1933 932 2007 εἶναι
954 1933 1119 2028 διαιρετόν
1141 1933 1223 2007 θεὸν
1244 1931 1317 2005 ’ἆπδ
1338 1936 1470 2005 θεοῢ.**

374 2060 416 2124 40
516 2047 641 2125 *ταότδ
676 2043 698 2124 ἃ
730 2052 770 2125 σὺ
798 2054 903 2145 ἔλεγες
938 2053 1073 2145 γράφων
1103 2054 1161 2123 καὶ
1192 2052 1341 2144 σπείρων
1377 2051 1425 2134 είς
1461 2053 1500 2123 τὸ

427 2176 563 2265 πλῆθος
592 2171 718 2263 [ἔλεγες]
743 2172 1016 2263 συγκομιζόμενος
1043 2167 1127 2239 αδτό
1157 2197 1194 2239 τε
1224 2170 1282 2237 καί
1314 2170 1357 2238 τὰ
1384 2153 1498 2257 ὅμοια·

379 2314 381 2323 1
426 2287 556 2378 ἔναγχος
582 2290 646 2381 μὴν
673 2290 751 2379 περὶ
784 2288 918 2357 παίδων
949 2286 1140 2374 ἐπιμελείας
1171 2285 1394 2379 διεξήλθομεν,
1426 2281 1498 2353 εἶτα

426 2404 502 2499 ἑξῆς
529 2408 609 2493 περὶ
637 2407 726 2489 νέων,
758 2402 830 2475 εἶτα
858 2404 932 2497 ἑξῆς
959 2404 1036 2493 περὶ
1063 2399 1190 2493 ἀνδρῶν
1219 2398 1337 2495 ἀρετῆς
1358 2402 1416 2471 καὶ
1439 2402 1499 2471 ἐπὶ
1514 2425 1539 2465 ιε

424 2529 513 2591 πᾶσι
545 2524 623 2613 περὶ
655 2522 811 2614 γερόντων
843 2516 1018 2607 εὐθυμίας,
1052 2519 1090 2590 τδ
1114 2521 1248 2611 πρέπον
1277 2518 1405 2609 ἑκάστῳ
1432 2525 1498 2587 τῶν

425 2636 551 2730 ἀνδρῶν
582 2642 799 2727 διανέμοντες.
835 2647 890 2708 νῦν
917 2640 963 2722 δέ,
997 2638 1074 2708 ἐπεὶ
1101 2638 1159 2704 καὶ
1181 2637 1220 2704 σι)
1243 2634 1345 2726 πάρει
1368 2629 1497 2728 ἡγεμών

424 2764 483 2826 τοῦ
509 2756 607 2848 λόγου
633 2758 691 2825 καὶ
718 2756 905 2839 ἐπακούεις,
941 2758 1047 2846 διπλῇ
1069 2762 1117 2844 τῷ
1139 2752 1225 2843 λόγῳ
1248 2751 1348 2835 ἰτέον,
1372 2757 1412 2843 τῇ
1434 2754 1495 2840 μέν

370 2881 410 2944 41
424 2866 469 2955 ιδς
500 2873 585 2964 πρὸς
612 2875 662 2957 σέ,
702 2880 743 2966 τῇ
775 2875 812 2942 δέ
838 2875 896 2942 καὶ
923 2872 1008 2963 πρὸς
1030 2867 1106 2951 τοὺς
1126 2866 1195 2938 ὑπό
1218 2893 1281 2938 σοι.
1328 2869 1493 2959 δευτέρους
1512 2936 1538 2973 2⁰

421 2992 458 3059 δέ
485 2986 568 3060 εἶναι
589 2988 665 3072 τοδς
687 2985 881 3081 ἀρχομένους
910 2990 1037 3079 πρέπει
1060 2987 1118 3055 καί
1141 2985 1197 3078 δή,
1222 2979 1285 3055 ὅσα
1306 2986 1367 3072 μὲν
1389 2977 1492 3076 ἇρμό-

423 3108 518 3189 ζοντα
546 3114 595 3177 τῶ
621 3100 761 3200 πλήθει,
790 3108 832 3175 τὰ
858 3107 919 3193 μέν
947 3104 1077 3197 ε’ίρηταί
1106 3130 1189 3188 πως,
1218 3103 1262 3171 τὰ
1285 3103 1323 3171 δὲ
1345 3102 1403 3171 καὶ
1424 3096 1496 3189 μετ’

421 3220 531 3315 ὀλίγον
554 3226 726 3308 λελέξεται.

369 3347 411 3413 42
503 3336 598 3410 ’Ἐστι
631 3342 667 3409 δέ
703 3334 865 3432 ἁρμόττον
903 3335 1094 3430 ἀρχομένοις
1124 3338 1186 3424 μέν
1221 3331 1409 3425 ἀκροᾶσθαι
1440 3342 1498 3404 τοῦ

421 3453 573 3548 ἄρχοντος
604 3453 779 3539 ἐθελοντὰς
811 3458 1044 3543 πειθομένους,
1080 3450 1214 3547 ἡγεμόνι
1249 3454 1279 3520 δ’
1312 3444 1366 3535 αὖ,
1400 3444 1493 3532 ὅπως

420 3571 460 3643 δν
482 3566 651 3655 εόπειθεῖς
677 3571 752 3656 τοδς
780 3570 976 3664 ἀρχομένους
1001 3571 1078 3657 ἔχοι·
1121 3564 1234 3641 οίκοῦν
1257 3575 1354 3639 τοῦτο
1377 3570 1438 3655 μέν
1460 3570 1495 3637 ἒν
1508 3590 1534 3627 2⁵

509 3848 524 3900 1
545 3840 666 3917 ἆγυρτοῦ
690 3848 819 3899 coniecit
837 3842 923 3913 Keil]
945 3836 1081 3896 ἀπἀὖτοῦ
1100 3840 1185 3897 codd.
1243 3845 1261 3898 3
1281 3844 1315 3914 ἓξ
1328 3843 1371 3898 38.
1390 3843 1425 3898 39
1444 3860 1493 3897 ex·

420 3950 547 4017 oerptae.
568 3942 603 3998 of.
618 3948 776 3999 comment.
831 3943 866 3998 10
884 3936 925 4015 μὴ
943 3941 1076 4012 restitui]
1097 3934 1133 3996 ἂν
1150 3941 1235 3996 codd,
1295 3943 1329 3996 11
1342 3946 1412 4014 post
1424 3941 1492 3995 θεοῦ

418 4046 559 4109 laounam
580 4040 726 4098 indicavit
750 4041 860 4097 desunt
882 4041 1033 4096 nonnufla
1087 4041 1122 4094 12
1144 4034 1179 4093 σὺ
1201 4040 1292 4109 ἔλεγες
1311 4036 1437 4108 conieci]
1458 4033 1489 4091 σί

418 4145 507 4211 λέγεις
533 4139 617 4198 codd.
682 4142 717 4195 13
737 4140 829 4210 ἔλεγες
857 4137 1020 4194 delendum
1074 4139 1110 4194 16
1136 4137 1296 4212 πρέπωνΡ
1360 4136 1395 4191 18
1423 4130 1493 4189 ὑπα-

417 4236 549 4303 κούειςΡ
604 4240 638 4295 19
657 4242 706 4293 καὶ
733 4234 804 4311 πρὸς
822 4238 872 4293 Ρα
900 4231 936 4298 ὥς
963 4232 1075 4313 πρὸςΟ
1129 4239 1164 4291 24
1184 4229 1334 4295 ἐθελοντὰς
1361 4238 1491 4290 coniecit

417 4338 638 4409 Reitzenstein]
661 4340 810 4397 ἐθέλοντας
831 4335 916 4391 codd.
