3825 5384
912 596 1106 663 „6-

477 770 624 855 Cramer,
652 782 688 838 ut
710 773 780 859 ipse
804 774 849 838 ait
873 780 916 860 (p.
943 774 1037 859 165),
1066 776 1146 840 duos
1172 774 1272 840 libros
1295 772 1460 855 adhibuit,
1493 771 1549 859 qui

479 888 576 944 sunt:

475 986 502 1051 P
525 1018 567 1041 =
591 986 790 1071 Parisinus
801 988 918 1075 suppl.
941 1011 1020 1075 grec
1042 1013 1073 1054 n.
1097 990 1173 1057 319.
1219 1012 1301 1054 saec.
1326 985 1540 1053 XVI-falso

590 1093 726 1160 'Cramer
748 1083 946 1185 XV'sspap,
971 1096 1047 1162 olim
1069 1098 1230 1162 societatis
1252 1098 1321 1163 Jes.
1339 1094 1451 1161 001011.
1498 1093 1540 1158 cf.

590 1200 726 1285 Omont,
755 1205 879 1271 invent.
906 1227 1018 1271 somm.
1043 1205 1088 1269 du
1110 1203 1212 1291 suppl.
1235 1227 1313 1289 grec
1342 1203 1384 1269 de
1405 1202 1438 1267 la
1460 1199 1542 1266 bibl.

591 1311 712 1377 nation
738 1311 791 1375 III
812 1334 844 1397 p.
870 1314 946 1378 248.

476 1415 569 1481 0=
594 1416 813 1484 Oanonicus
836 1420 888 1485 69.
912 1420 1014 1485 chart.
1037 1419 1180 1503 infolio,
1203 1421 1414 1487 11401406.
1454 1438 1540 1481 saec.

589 1524 686 1610 XV1;
710 1535 820 1591 nostra
841 1526 1026 1613 fragmenta
1047 1535 1194 1613 prostant
1215 1526 1293 1591 inde
1309 1549 1329 1590 a
1343 1524 1366 1588 f.
1385 1527 1461 1591 401.
1504 1522 1545 1587 cf.

590 1630 690 1714 (lore,
715 1633 808 1699 catal.
824 1634 916 1700 codd.
939 1658 1100 1700 manuscr.
1124 1633 1202 1699 bibl.
1220 1634 1370 1702 0011111
1393 1656 1425 1719 p.
1442 1634 1495 1699 11.

562 1738 672 1827 Atque
696 1753 732 1807 ut
748 1739 893 1807 Crameri
915 1742 1103 1808 collationes
1126 1743 1169 1808 ad
1185 1742 1326 1806 Parisini
1348 1740 1424 1806 libri
1443 1738 1543 1803 fidem

474 1849 750 1932 examinarentur,
771 1859 900 1915 auctore
916 1849 957 1916 A.
969 1850 1123 1937 Lebbque
1138 1851 1209 1915 viro
1225 1848 1402 1913 clarissimo
1418 1846 1542 1910 factum

358 2022 361 2029 ,
474 1965 536 2040 001,
561 1954 602 2023 G.
627 1956 681 2021 W.
702 1955 858 2022 Wheslsr
881 1955 1077 2023 Oxoniensis
1100 1965 1232 2023 auctore
1254 1955 1361 2020 Keilio
1385 1953 1544 2019 Oancnici

473 2061 677 2128 collationem
700 2065 887 2129 examinare
910 2064 1088 2130 liberaliter
1110 2064 1267 2149 suscepit.

562 2170 653 2235 Idem
677 2180 786 2236 autem
809 2170 943 2237 Oramer
975 2171 1049 2237 solis
1081 2174 1115 2237 in
1146 2173 1186 2237 iis
1208 2169 1340 2238 Stobaei
1364 2165 1541 2247 codicibus,

473 2277 530 2364 qui
544 2277 826 2345 Trincavellianae
849 2289 925 2346 sunt
947 2278 1100 2355 familiae,
1123 2279 1205 2343 haec
1223 2278 1408 2364 fragmenta
1427 2282 1541 2340 extare

473 2386 654 2467 annotavit,
677 2408 783 2473 neque
798 2409 876 2452 vero
897 2387 1006 2452 omnia
1024 2387 1060 2451 in
1082 2383 1231 2451 omnibus
1253 2385 1332 2449 ferri
1353 2382 1456 2464 libris,
1480 2380 1539 2445 sed

472 2492 600 2577 integra
622 2494 657 2557 iu
679 2492 761 2575 aliis,
784 2494 819 2557 in
841 2492 912 2558 aliis
935 2493 1093 2574 mutilata,
1118 2493 1153 2558 id
1176 2492 1263 2579 quod
1285 2490 1436 2577 probavit
1460 2485 1538 2552 Otto

472 2597 601 2681 Hense,
644 2601 701 2687 qui
738 2600 911 2686 diligenter
947 2599 1046 2665 libros
1079 2598 1211 2666 Stobaei
1245 2604 1466 2684 perscrutatus
1498 2593 1541 2659 ad

473 2705 558 2771 hanc
580 2705 739 2771 familiam
761 2718 892 2793 praeter
915 2706 942 2773 0
966 2718 999 2774 et
1022 2708 1049 2771 P
1073 2707 1152 2773 alios
1175 2708 1320 2793 quinque
1345 2703 1445 2769 libros
1467 2724 1540 2787 per·

471 2814 576 2879 tinere
601 2813 698 2900 (Mus.
717 2814 817 2880 Rhen.
838 2815 924 2882 1884
945 2814 1100 2880 XXXIX
1115 2816 1180 2882 359
1196 2814 1281 2900 sqq.)
1305 2811 1429 2876 docuit:
1452 2808 1539 2873 Mar-

473 2921 602 2985 cianum
622 2920 713 2987 Olass
728 2922 788 2987 IV.
811 2926 865 3006 29,
887 2924 1065 2989 Vaticanos
1086 2924 1161 2989 954.
1186 2924 1263 3004 955,
1286 2919 1544 2985 Laurentianum

471 3026 584 3092 LVIH
601 3032 652 3103 11,
676 3027 896 3095 Oxoniensem
921 3029 1001 3097 0011.
1018 3052 1093 3095 nov.
1110 3031 1186 3096 210.
1226 3027 1436 3112 eiusdemque
1453 3033 1541 3089 certe

471 3135 668 3201 recensionis
684 3136 745 3200 fuit
759 3136 812 3201 ille
828 3137 942 3218 codex,
964 3139 1055 3202 cuius
1071 3135 1264 3221 subscriptio
1280 3143 1407 3199 tantum
1422 3131 1465 3195 ad
1480 3152 1539 3194 nos

472 3244 636 3328 pervenit,
662 3266 759 3329 quam
781 3243 905 3329 publici
927 3245 1004 3309 fecit
1026 3246 1106 3310 iuris
1121 3244 1213 3310 Hier.
1232 3241 1382 3308 Vitellius
1402 3239 1437 3302 in
1457 3238 1541 3302 stud.

472 3350 537 3415 ital.
553 3348 616 3415 vol.
633 3350 667 3414 Π
689 3374 721 3435 p.
739 3352 814 3417 556.
839 3354 883 3417 24
899 3352 1005 3431 (XXI.
1036 3354 1122 3431 114).
1155 3353 1190 3415 111
1207 3350 1319 3415 codice
1335 3347 1451 3433 Regin.
1471 3346 1543 3423 146,

473 3478 571 3543 quem
597 3458 704 3542 ipsum
731 3481 860 3546 quoque
882 3460 1180 3525 Trincavellianum
1213 3467 1325 3523 censet
1356 3477 1427 3519 esse
1450 3451 1544 3517 Elter

473 3564 569 3651 (Mus.
585 3562 690 3631 Rhen.
706 3564 727 3630 l·.
744 3566 764 3632 l.
782 3566 860 3651 363)
876 3565 956 3631 haec
972 3550 1157 3654 fragmenta
1173 3568 1298 3632 desunt.
1330 3584 1417 3627 nova
1432 3569 1542 3626 autem

473 3670 681 3736 collationum
704 3674 882 3758 specimina
903 3674 1006 3739 Keilii
1032 3674 1191 3741 beneficio
1223 3672 1304 3738 mihi
1335 3668 1546 3756 suppeditata

472 3788 545 3843 sunt
567 3780 666 3843 trium
688 3778 855 3865 librorum,
878 3784 934 3869 qui
958 3792 1053 3848 sunt:

472 3886 500 3951 L
524 3918 566 3941 =
590 3885 893 3972 Laurentianus,
927 3913 1025 3977 quem
1059 3891 1230 3955 contulisse
1257 3912 1365 3954 meum
1386 3888 1423 3951 in
1444 3907 1540 3951 usum

588 3992 683 4058 valde
699 3995 826 4080 gaudeo
843 3996 1015 4081 H.Vitelli,
1038 3998 1146 4063 virum
1168 4020 1292 4081 eorum,
1316 3997 1373 4083 qui
1396 3996 1432 4059 in
1447 3991 1545 4059 Italia

587 4100 704 4166 florent
724 4100 839 4168 litteris
855 4101 1000 4186 Graecis,
1023 4103 1120 4191 longe
1144 4104 1366 4170 clarissimum.
1404 4101 1446 4166 de
1461 4100 1544 4166 libro

587 4230 747 4275 manuscr.
786 4209 827 4274 cf.
863 4210 1027 4296 Bandini,
1067 4222 1130 4279 cat.
1167 4236 1253 4279 man.
1290 4234 1339 4299 gr.
1377 4209 1476 4275 Laur.
1509 4208 1546 4273 Π

587 4337 617 4400 p.
634 4315 714 4382 446:
740 4316 808 4382 cod
831 4316 909 4403 plut.
932 4318 1046 4385 LVIH
1064 4325 1115 4387 11.
1151 4321 1352 4404 chartaceus,
1375 4339 1461 4384 saec.
1477 4316 1544 4382 XV
