3825 5384
864 643 1084 709 -32-

531 817 654 900 Restat,
678 829 714 884 ut
737 817 840 885 verba
859 820 978 885 faciam
1001 821 1042 886 de
1065 822 1386 891 enuntiationum
1408 824 1513 890 inter

443 948 482 992 se
505 925 764 1012 copulatione.
791 950 854 1013 qna
877 926 969 993 dere
986 952 1061 995 cum
1076 930 1141 994 iam
1157 953 1254 1016 supra
1268 931 1303 995 in
1318 940 1411 1017 parte
1428 954 1512 1018 quae

445 1043 494 1100 est
527 1033 569 1099 de
601 1034 769 1119 particulis
806 1040 846 1121 (p.
871 1037 925 1115 23)
961 1036 1115 1102 nonnulla
1150 1037 1366 1122 attulerimus,
1400 1040 1513 1125 paucis

450 1164 618 1228 possumus
641 1140 824 1207 absolvere:
854 1144 1095 1233 coniunguntur
1117 1144 1308 1232 plerumque
1331 1144 1513 1211 sententiae

451 1248 619 1336 particulis
653 1246 753 1337 γάρῑ),
791 1250 871 1329 652),
907 1249 1008 1335 καίῧ),
1044 1251 1207 1316 interdum
1234 1252 1406 1337 particulis
1428 1246 1513 1319 ἄλλο)

448 1357 501 1442 (ξὲ
524 1360 555 1421 4.
581 1355 624 1442 6),
649 1350 689 1446 δὴ
714 1357 766 1441 (ἓξ
790 1360 818 1423 2.
843 1359 896 1423 32.
921 1358 989 1442 35),
1013 1349 1068 1425 οὖν
1092 1360 1146 1444 (ἐς
1161 1360 1215 1425 28.
1232 1361 1285 1428 34.
1308 1363 1375 1443 37),
1399 1354 1514 1427 οἰκοῦν

450 1464 482 1551 (ξ
505 1465 572 1546 42),
596 1462 695 1528 semel
717 1462 855 1529 relativo
884 1466 944 1551 οἵῳ
968 1466 1001 1549 (§
1025 1467 1072 1550 l);
1106 1466 1165 1531 sed
1196 1465 1279 1531 haec
1310 1468 1420 1532 omnia
1449 1490 1514 1532 non

449 1572 569 1636 oratori
601 1570 641 1635 de
664 1592 727 1656 quo
750 1572 869 1656 agitur,
902 1583 977 1637 sunt
1007 1572 1194 1659 peculiaria.
1242 1584 1276 1638 at
1300 1575 1515 1639 contraeatis

452 1680 597 1766 quaesita
628 1686 702 1742 sunt
733 1678 927 1763 speciosiora
958 1678 1015 1743 illa
1046 1678 1193 1765 sai-aff)
1218 1682 1268 1765 (ἐξ
1292 1683 1345 1747 21.
1370 1683 1421 1747 31.
1447 1681 1514 1766 36),

448 1787 506 1853 καὶ
529 1782 590 1873 γάρ
612 1786 644 1871 (5
662 1786 730 1871 23),
754 1784 811 1852 καὶ
834 1782 875 1877 δή
897 1786 928 1871 (ξ
952 1787 1020 1872 41),
1042 1781 1107 1878 μὴν
1130 1788 1374 1853 adversativum
1397 1790 1430 1873 (ξ
1446 1787 1514 1871 40),

447 1894 560 1977 μέντοι
583 1894 634 1980 (ῧὲ
657 1895 709 1967 30,
733 1892 798 1978 33).
844 1893 902 1958 sed
924 1893 1005 1959 haec
1028 1896 1160 1981 quidem
1183 1896 1347 1961 hactenus.

531 2019 585 2084 De
607 2017 798 2105 rhythmo
823 2019 910 2106 quod
933 2018 1023 2085 nolui
1046 2004 1219 2108 quaerere,
1243 2022 1323 2087 vitio
1346 2020 1426 2085 mihi
1449 2031 1515 2086 non

446 2135 566 2208 vertas,
591 2148 665 2191 cum
688 2136 720 2191 et
743 2149 858 2211 parum
877 2148 998 2212 magna
1012 2150 1088 2213 pars
1104 2128 1258 2193 orationis
1274 2130 1407 2214 integra
1422 2127 1516 2193 nobis

446 2233 488 2298 sit
511 2233 642 2316 tradita,
668 2255 765 2320 quam
787 2255 830 2298 ex
850 2256 914 2320 qua
935 2245 1062 2299 certum
1078 2233 1201 2321 aliquid
1216 2235 1375 2321 possimus
1391 2256 1514 2318 eruere,

446 2351 480 2405 et
506 2341 602 2404 nimis
629 2338 820 2411 dissentiant
847 2341 909 2404 viri
937 2340 1025 2405 docti
1053 2340 1093 2405 de
1118 2343 1313 2428 scriptorum
1336 2343 1371 2407 in
1394 2340 1457 2406 hac
1479 2364 1515 2407 re

444 2470 514 2511 usu.
560 2447 626 2511 iam
649 2446 827 2513 videndum
850 2457 906 2531 est,

448 2824 501 2905 tv.
530 2822 613 2907 uua
643 2824 780 2905 aetate
813 2826 1040 2925 conscripta
1073 2828 1153 2906 sint
1187 2826 1284 2906 haec
1313 2824 1513 2927 opuscula.

532 3002 586 3067 Ex
617 3004 672 3086 iis,
706 3026 790 3090 qnae
818 3004 914 3069 modo
943 3004 984 3069 de
1012 3004 1143 3070 dicendi
1165 3026 1286 3090 genere
1311 3002 1515 3086 contulimus,

447 3113 509 3179 hoc
533 3110 727 3177 concludere
749 3110 840 3195 licet,
873 3121 1018 3176 nostrum
1041 3112 1128 3176 inter
1156 3111 1427 3194 declamatorum,
1460 3111 1516 3197 qni

447 3220 650 3307 principatus
665 3218 804 3283 Romani
826 3228 933 3284 aetate
956 3218 1124 3304 vigebant,
1148 3240 1319 3283 numerum
1342 3239 1412 3283 esse
1434 3216 1516 3282 refe·

447 3327 598 3408 rendum,
622 3339 655 3392 et
678 3324 768 3390 haud
790 3326 856 3391 ecio
880 3349 923 3390 an
945 3326 1011 3390 iam
1035 3325 1123 3407 inde,
1146 3325 1234 3412 quod
1256 3325 1331 3411 puri
1354 3334 1387 3388 et
1408 3345 1516 3389 emen-

449 3435 517 3499 dati
531 3434 687 3498 sermonis
693 3431 795 3498 Attici
811 3432 956 3499 studium
972 3456 1046 3497 eum
1062 3432 1204 3496 vidimus
1219 3430 1413 3518 neglexisse,
1430 3430 1516 3496 colli·

448 3564 581 3629 gamus,
613 3562 687 3606 eum
719 3552 796 3605 ante
827 3540 996 3606 florentem
1026 3538 1194 3605 Herodem
1225 3537 1373 3604 Atticum
1405 3538 1515 3603 fnisse.

448 3670 543 3736 porro
580 3669 686 3734 neque
718 3657 792 3711 ante
824 3670 946 3712 annum
981 3648 1044 3713 125
1067 3669 1098 3733 p.
1122 3645 1198 3711 Chr.
1223 3669 1255 3711 n.
1288 3655 1395 3730 potest
1427 3646 1517 3730 poni,

449 3778 524 3821 cum
546 3753 713 3821 Plutarchi
738 3754 871 3839 scripta,
901 3776 985 3840 qnae
1007 3775 1073 3818 non
1096 3763 1172 3818 ante
1195 3752 1277 3818 illud
1298 3762 1426 3837 tempus
1449 3752 1517 3817 fere

535 4024 558 4097 1)
571 4023 758 4081 undevicies

534 4132 559 4204 ²)
575 4130 607 4185 δὲ
621 4130 770 4187 adversat.
785 4135 945 4202 quinquies
960 4128 1068 4197 decieS,
1082 4127 1115 4181 δὲ
1128 4128 1257 4199 copulat.
1277 4131 1399 4182 totiens

535 4238 559 4311 3)
578 4244 695 4297 novies.

535 4346 558 4419 ι)
578 4352 612 4401 in
631 4352 840 4404 enuntiatione
859 4344 1039 4403 secundaria
1058 4345 1075 4415 ᾗ
1094 4346 1118 4399 1.
