3825 5384
874 610 1096 676 ..26-

540 784 574 872 d)
597 785 704 852 vocali
732 798 755 853 ᾰ
787 786 982 853 terdecies:
1005 786 1209 872 neutusing.
1234 788 1301 870 §L
1333 807 1402 851 acc.
1424 809 1524 858 masc.
1636 796 1640 801 '

786 895 869 981 sing.
894 897 934 979 §§
951 897 982 960 2.
1008 897 1037 961 4.
1063 898 1113 959 12.
1159 903 1264 960 neutr.
1281 892 1364 980 plur.
1388 895 1428 979 ἐξ
1446 897 1475 960 4.
1492 898 1523 963 6.

787 1006 819 1068 9.
842 1005 892 1069 19.
917 1008 987 1068 31.·
1017 1024 1136 1067 vocum
1160 988 1315 1088 6ραξ9,
1339 995 1411 1069 εἶτα
1436 1002 1475 1087 ἐξ
1491 1004 1523 1069 9.
1573 1041 1574 1045 =

786 1113 831 1175 40
846 1108 906 1175 bis.

745 1236 904 1300 cvicics:
930 1234 1015 1303 ποτὲ
1039 1236 1104 1319 §L
1143 1234 1179 1302 δὲ
1203 1236 1243 1319 ἓξ
1269 1239 1297 1301 1.
1320 1236 1351 1301 3.
1373 1236 1405 1303 5.
1421 1238 1453 1304 6.
1472 1238 1524 1303 10.

644 1434 647 1443 Ι
788 1346 843 1413 11.
876 1342 926 1408 12.
962 1345 1014 1408 14.
1051 1343 1101 1409 15.
1134 1344 1187 1408 17.
1222 1345 1275 1409 19.
1304 1345 1357 1410 25.
1387 1343 1440 1409 28.
1470 1344 1524 1411 31.

787 1451 840 1516 37.
862 1454 916 1516 41.
956 1439 1033 1516 oio&
1056 1451 1075 1533 ἓ
1098 1450 1128 1514 3.
1167 1449 1202 1535 γὲ
1227 1452 1292 1533 §2
1338 1449 1526 1531 καθέζεσθτ

785 1559 882 1641 §31.

739 1708 757 1749 o
785 1693 849 1748 ter:
878 1677 979 1752 ταύτό
1003 1686 1022 1768 ἐ
1046 1686 1076 1751 9.
1114 1674 1185 1751 ind
1210 1686 1229 1767 ἕ
1252 1687 1304 1751 31.
1343 1683 1524 1752 σκέπτοιτο

787 1793 805 1875 ς
831 1795 883 1856 44.

454 1917 490 1983 hi
510 1915 612 2003 igitur
633 1915 741 1981 hiatus
766 1918 801 1981 in
829 1916 1072 2003 pronuntianda
1099 1914 1336 1982 declamatione
1364 1915 1526 1981 vocalium

454 2035 512 2091 aut
538 2022 670 2089 elisione
697 2034 754 2088 aut
781 2023 902 2089 coalitu
931 2023 1051 2089 sublati
1075 2033 1159 2089 eunt.
1206 2045 1305 2110 quare
1327 2025 1393 2088 ium
1416 2024 1451 2088 in
1474 2046 1526 2089 co-

455 2131 582 2198 dicibus
604 2130 684 2196 talia
705 2132 826 2217 partim
849 2130 928 2197 elisa
952 2139 1067 2197 extant
1081 2169 1124 2179 —
1141 2142 1175 2198 ἅτ
1190 2132 1226 2196 in
1249 2124 1333 2197 ἀλλὰ
1356 2132 1395 2215 ἐξ
1416 2133 1447 2198 6.
1473 2134 1525 2199 10.

454 2242 507 2307 22.
531 2240 583 2305 29.
608 2238 659 2304 36.
692 2237 776 2305 κατὰ
801 2241 889 2321 628.
923 2228 1298 2328 iqa§15.-t'va§30.
1327 2234 1412 2323 μετὰ
1435 2238 1524 2323 §41

456 2347 549 2436 παρὰ
572 2348 592 2431 ἕ
614 2347 672 2429 43,
704 2346 828 2433 ubique
861 2348 896 2411 in
927 2340 984 2413 διὰ
1008 2348 1046 2430 ἐξ
1070 2346 1101 2415 8.
1125 2347 1177 2413 17.
1202 2348 1253 2412 18.
1277 2348 1343 2412 21..
1369 2369 1400 2413 ετ
1431 2347 1467 2411 in
1489 2344 1527 2412 δὲ

456 2460 498 2539 ἐξ
514 2457 555 2522 37
573 2453 633 2519 bis.
656 2456 709 2519 42.
732 2456 786 2519 43.
817 2449 949 2545 μήποτε
973 2455 992 2538 ξ
1012 2455 1060 2520 10.
1107 2478 1137 2521 ο;
1160 2454 1196 2517 in
1219 2447 1287 2521 3πό
1310 2455 1349 2539 ἐξ
1374 2452 1525 2520 31116.

456 2552 527 2630 ἀπὸ
550 2563 626 2647 §37
642 2560 703 2626 bis.
742 2561 820 2627 uin
837 2558 899 2627 ἐπὶ
915 2562 955 2645 ἐξ
973 2563 1025 2627 25.
1041 2562 1082 2627 27
1100 2560 1280 2646 -partim
1294 2557 1416 2648 κράσει,
1442 2582 1527 2648 quae

346 2668 349 2675 '
454 2677 602 2750 vocatur,
625 2666 792 2751 tolluntur,
815 2690 899 2755 quaa
922 2668 1094 2755 quinquies
1110 2677 1215 2732 extatt
1238 2661 1299 2735 aiio
1323 2670 1390 2749 §ln
1425 2657 1526 2736 ταῦτό

455 2776 620 2861 66015(
642 2768 790 2843 κάκεῖναι
814 2777 900 2860 ξ26.
932 2764 1107 2843 κάνταῦθα
1130 2775 1219 2858 §31.
1248 2768 1288 2840 liv
1310 2796 1370 2861 pro
1392 2770 1451 2841 ἐὰν
1473 2798 1525 2841 us·

455 2908 518 2973 quo
540 2882 631 2970 ponit
653 2893 773 2964 nostor,
798 2904 881 2971 quae
904 2882 1009 2947 forma
1030 2881 1107 2947 inde
1132 2904 1153 2945 a
1174 2882 1216 2947 V.
1240 2881 1283 2946 ad
1305 2882 1366 2947 [Π.
1392 2906 1422 2947 a.
1447 2881 1524 2949 chr.

454 3016 487 3057 n.
510 2989 674 3057 saeculum
706 2990 814 3055 sexies
841 3000 969 3055 tantum
991 2991 1026 3054 in
1049 2987 1314 3075 inscriptionibus
1336 2989 1456 3056 Atticis
1478 2990 1526 3055 in-

354 3094 360 3107 ’
454 3099 587 3165 venitur
609 3095 665 3183 (cf.
679 3096 923 3163 Meisterhans³
946 3099 1012 3165 256
1036 3095 1110 3161 adn.
1135 3096 1248 3180 1988),
1272 3097 1361 3184 apud
1384 3106 1526 3162 oratores
1631 3139 1633 3145 -

455 3205 580 3271 Atticos
604 3205 715 3290 (Isocr.
729 3204 898 3270 Demosth.
923 3204 963 3269 cf.
981 3204 1116 3271 Schmid
1129 3205 1180 3270 IV
1198 3204 1277 3294 124)
1293 3227 1525 3292 nonnunquam
1546 3210 1550 3215 ’

454 3312 584 3399 legitur.
629 3312 714 3377 inter
736 3311 875 3378 leviores
899 3311 1008 3377 hiatus
1029 3314 1127 3377 etiam
1149 3315 1173 3378 ii
1193 3311 1527 3410 videntunreferendi

351 3438 355 3444 “
457 3432 536 3502 esso,
561 3418 618 3505 qui
635 3418 812 3484 earundem
829 3418 992 3485 vocalium
1008 3419 1061 3484 vel
1077 3419 1351 3506 diphthongorum
1368 3440 1530 3484 concursu

456 3526 552 3609 liunt,
575 3535 612 3592 ut
634 3522 713 3615 τύχῃ
737 3518 826 3617 ἦθος
849 3528 868 3611 ξ
887 3529 939 3609 15,
964 3529 1054 3595 δοκεῖ
1077 3521 1162 3593 εἶναι
1184 3529 1270 3609 §31.
1309 3525 1369 3592 sed
1391 3527 1457 3589 iam
1480 3548 1528 3591 se-

456 3644 597 3722 quantur
618 3634 798 3719 graviores.
837 3633 906 3698 hiat
928 3635 1016 3697 enim
1039 3634 1141 3699 oratio
1164 3632 1435 3699 antecedentibus

544 3758 576 3845 a)
599 3786 636 3827 ει
659 3758 695 3843 a)
718 3782 804 3845 pore.
820 3759 873 3824 Ill
893 3774 997 3845 praes.
1019 3770 1081 3825 act.
1104 3760 1238 3845 septies:
1260 3761 1300 3845 ἐξ
1315 3761 1344 3825 2.
1361 3760 1390 3825 3.
1409 3760 1452 3824 10
1465 3756 1527 3822 bis.

719 3868 771 3931 13.
798 3868 849 3933 17.
875 3869 927 3933 22.
1225 3867 1228 3871 ’

531 4002 534 4007 ’
660 3990 695 4076 β)
719 3992 753 4055 in
786 3980 839 4058 aiei
871 3984 992 4071 ἅπλῶς
1015 3997 1033 4075 ξ
1060 3994 1114 4075 14,
1150 3988 1247 4078 πάρει
1278 3983 1407 4083 ἡγεμών
1429 3995 1450 4073 5
1473 3991 1528 4073 40,

578 4116 580 4125 ⁴
718 4104 834 4188 βραχεῖ
856 4091 1089 4190 ὑπομνήσομετ
1112 4101 1131 4184 ξ
1155 4102 1207 4165 42.

544 4224 579 4307 b)
604 4249 643 4292 οι
665 4226 794 4290 numeri
817 4224 901 4312 plur.
921 4248 1021 4291 masc.
1051 4225 1237 4312 quinquies:
1262 4229 1304 4307 ἐξ
1325 4226 1377 4291 20.
1402 4226 1445 4290 26
1465 4222 1525 4289 bis.

721 4335 773 4401 27.
797 4334 850 4399 34.
