3825 5384
1677 641 2119 705 -23-

1420 856 1484 936 ὃ)
1530 857 1608 921 in
1652 854 2166 939 particularum
2212 873 2370 923 usu.

1003 988 1223 1064 ἀλλὰ
1275 998 1709 1084 oppositum
1755 998 1994 1083 genit.
2046 996 2283 1062 absol.
2335 999 2371 1081 ἓ
2424 1000 2524 1063 10.
2618 996 2964 1083 singularis

822 1102 985 1169 haec
1030 1113 1380 1181 structura,
1436 1126 1650 1191 neque
1699 1104 1878 1169 aliud
1925 1104 2116 1168 huius
2163 1126 2314 1168 usus
2362 1103 2737 1191 exemplum
2781 1104 2965 1191 potui

821 1211 1231 1298 investigare.
1325 1211 1723 1276 simillimum
1771 1234 1977 1275 unum
2023 1210 2286 1276 invenio
2332 1210 2549 1276 locum
2594 1211 2967 1276 Philostrati

821 1318 890 1382 in
921 1319 1036 1383 vit.
1070 1318 1474 1405 Ap.V1137:
1525 1309 1559 1384 ὃ
1605 1314 1860 1383 Πύθων
1905 1324 2112 1384 ταῦτα
2159 1318 2338 1406 ῥέων,
2393 1310 2483 1397 ὥς
2528 1340 2745 1407 φασιν,
2796 1308 2965 1384 ἀλλὰ

821 1425 1261 1515 Δημοσθένης
1319 1416 1353 1492 ὁ
1411 1423 1768 1503 Παιανιεὺς
1814 1415 2150 1491 ἀντειπών
2198 1476 2471 1491 ......
2518 1421 2598 1491 τὸ
2661 1414 2964 1509 ἀνασχεῖν

824 1526 1017 1600 αὐτὸν
1062 1528 1277 1598 τάττει
1324 1532 1393 1599 ἐν
1437 1537 1578 1611 τοῖς
1624 1528 1855 1597 ἑαυτοῦ
1904 1520 2161 1611 ἄθλοις.

1006 1651 1156 1724 ὅτε
1226 1657 1455 1724 nullo
1531 1668 1911 1744 sequente
1983 1658 2408 1744 participio
2475 1660 2511 1742 ἓ
2569 1660 2676 1724 23.
2770 1656 2965 1723 semel

821 1764 982 1830 haec
1029 1776 1359 1831 structura
1404 1765 1578 1851 apud
1618 1764 2082 1829 Philostratum
2130 1763 2425 1847 (Schmid
2470 1765 2568 1830 IV
2610 1765 2749 1849 89),
2815 1786 2960 1829 raro

825 1872 1003 1958 apud
1044 1871 1397 1937 Aelianum
1443 1873 1727 1938 occurrit
1782 1870 2078 1958 (Schmid
2133 1871 2235 1935 111
2282 1872 2394 1956 87)
2439 1895 2717 1959 raroque
2766 1873 2962 1939 etiam

823 1979 1000 2065 apud
1029 1979 1300 2044 Atticos,
1352 1980 1435 2043 cf.
1469 1978 1758 2065 Kriiger‚
1805 1978 2098 2065 Sprachl.
2135 1983 2174 2060 ἓ
2198 1981 2301 2045 56.
2336 1981 2441 2044 12.
2477 1981 2535 2045 3.
2574 2016 2654 2027 -—
2687 1980 2805 2044 sed
2847 1971 2962 2046 ὅτε

819 2081 900 2176 δή
953 2083 1297 2171 ἱστάμενος
1344 2088 1380 2170 ἓ
1436 2089 1537 2152 18.

997 2210 1149 2277 καὶ
1204 2210 1301 2301 δὴ
1359 2214 1395 2296 ἓ
1443 2215 1552 2278 41.
1646 2210 1884 2276 Atticis
1929 2233 2061 2277 non
2108 2221 2470 2297 acceptum.
2562 2211 2642 2276 cf.
2692 2210 2960 2277 Schmid

820 2318 926 2383 ΙΠ
974 2320 1122 2387 339.
1216 2318 1479 2405 Kriiger
1525 2323 1566 2400 ἓ
1615 2320 1719 2385 69.
1773 2321 1878 2385 17.
1927 2322 1985 2383 1.

996 2443 1162 2534 μὴν
1207 2443 1794 2509 adversativum
1841 2446 2030 2529 §403
2079 2466 2207 2509 non
2238 2445 2331 2508 ita
2359 2445 2608 2510 tritum.
2685 2466 2770 2508 ex
2815 2444 2961 2509 atti-

821 2551 996 2615 cistis
1043 2550 1214 2616 solus
1259 2550 1690 2616 Philostratus
1743 2551 2133 2637 particulam
2182 2551 2354 2617 hunc
2399 2552 2470 2616 in
2513 2574 2703 2617 usum
2748 2559 2956 2616 vocat.

819 2657 898 2723 cf.
945 2656 1217 2723 Schmid
1259 2658 1360 2724 IV
1403 2660 1565 2742 5593
1633 2680 1719 2723 ex
1764 2660 2001 2723 Atticis
2064 2660 2273 2744 poetis
2336 2658 2647 2724 nonnulla
2702 2658 2961 2744 collegit

819 2764 1148 2851 Hartung,
1192 2765 1446 2830 Partik.
1492 2765 1565 2829 II
1610 2767 1758 2833 386.

992 2890 1081 2956 τὲ
1135 2889 1311 2972 καὶ,
1377 2890 1554 2957 nulla
1628 2913 1790 2957 voce
1852 2892 2233 2977 interposita
2281 2892 2360 2976 ἕξ
2398 2896 2458 2958 7.
2517 2894 2623 2959 27.
2682 2894 2789 2960 28.
2852 2893 2958 2957 32.

817 2999 925 3080 39,
973 3007 1270 3084 separata
1317 3001 1423 3065 23.
1458 3000 1564 3064 33.
1658 2998 1916 3083 seiungi
1962 3000 2170 3063 solent
2215 2999 2337 3063 hae
2384 2999 2739 3085 particulae
2784 2996 2962 3084 apud

819 3116 1107 3171 oratores
1140 3104 1391 3170 Atticos
1436 3115 1504 3171 et
1548 3106 1620 3171 in
1663 3103 2195 3191 inscriptionibus
2234 3105 2472 3171 Atticis
2520 3106 2631 3194 (cf.
2665 3106 2846 3171 Fuhr
2890 3105 2959 3169 in

815 3212 982 3279 Mus,
1048 3210 1169 3278 Rh.
1233 3212 1545 3277 XXXIII
1608 3214 1760 3279 578.
1852 3212 2287 3278 Meisterhans
2318 3216 2345 3255 ⁸
2390 3215 2575 3297 249);
2641 3235 2954 3299 persaepe

814 3320 1001 3384 iuxta
1043 3328 1376 3406 ponuntur
1415 3319 1591 3405 apud
1618 3319 1966 3386 Aelianum
1998 3321 2296 3406 (Schmid
2325 3321 2429 3384 ΠΙ
2460 3322 2616 3402 344)
2648 3330 2715 3385 et
2742 3320 2955 3385 Philo-

816 3437 1092 3491 stratum
1139 3425 1436 3513 (Schmid
1474 3426 1575 3491 IV
1606 3429 1780 3508 501).

994 3544 1235 3618 c'iv‘ce-
1257 3540 1452 3619 ὅντε
1500 3554 1579 3636 ἓξ
1616 3556 1718 3619 21.
1754 3555 1856 3619 25.
1934 3553 2110 3618 nullo
2158 3563 2472 3639 sequente
2504 3551 2705 3618 verbo
2736 3575 2956 3617 rarum

815 3658 995 3745 apud
1039 3657 1311 3726 Atticos.
1407 3659 1490 3724 cf.
1539 3658 1810 3724 Schmid
1856 3661 1961 3724 ΙΠ
2013 3665 2156 3727 111.
2283 3721 2290 3732 .

990 3765 1242 3849 Restat,
1289 3777 1363 3832 ut
1409 3787 1623 3852 pauca
1669 3766 1884 3831 dicam

1314 3964 1370 4049 ε)
1427 3966 1514 4034 ‹le
1561 3966 1935 4034 verborum
1984 3966 2455 4050 supellectile.

990 4107 1210 4195 Atque
1245 4130 1411 4195 quae
1444 4109 1706 4196 quidem
1746 4110 1816 4175 in
1848 4108 2085 4195 vulgus
2115 4108 2374 4174 Atticae
2404 4107 2730 4175 habentur
2757 4128 2953 4174 voces

813 4237 1196 4281 enumerare
1242 4238 1392 4281 cum
1437 4216 1703 4303 longum
1752 4218 1864 4299 sit,
1922 4216 2135 4301 omisi;
2202 4216 2359 4281 satis
2417 4215 2625 4281 habeo
2678 4214 2807 4280 huc
2853 4237 2954 4280 re-

812 4343 1055 4407 ponere
