3825 5384
893 588 1116 653 ..68-

428 761 450 823 4
561 762 615 825 Ad
638 757 803 850 κάθαρσιν
832 762 874 828 cf.
903 762 1000 849 Diog.
1029 764 1066 830 L.
1089 764 1175 831 VIII
1204 768 1238 833 2:
1262 763 1543 855 Πυθαγόρας...

471 861 541 934 οὐδ’
564 863 706 956 ἠμέλησε
729 865 892 959 tarpeaim
911 871 952 936 de
968 872 1091 938 musica
1105 872 1310 938 institutione
1325 873 1367 938 cf.
1384 873 1541 940 Maroian.

472 972 552 1060 Cap.
582 974 634 1039 IX
668 977 730 1042 177
766 976 816 1040 ed.
850 976 949 1041 Meib.
984 978 1195 1059 (zFHGr.
1242 978 1361 1046 Miller
1393 981 1429 1045 H
1466 983 1541 1049 280.

469 1080 532 1167 frg.
557 1082 628 1170 24):
663 1080 890 1167 „Pythoporei
918 1083 1018 1151 etiaai
1046 1085 1229 1151 docueruut
1249 1085 1410 1169 ferociam
1434 1088 1541 1155 auirai

369 1274 373 1279 Ι
468 1186 592 1269 fidibus
622 1194 681 1254 aut
704 1187 795 1257 tibiis
818 1189 1010 1274 mollientes,
1042 1212 1117 1258 caui
1146 1192 1338 1276 corporibus
1361 1194 1540 1266 adhaerere

468 1315 593 1361 aeaura
629 1295 746 1378 foedas
784 1296 990 1363 auiararuru.
1046 1298 1208 1366 Membris
1243 1320 1372 1382 quoquc
1403 1302 1540 1370 lateatcs

435 1425 442 1443 ,
467 1400 664 1469 interserere
687 1425 843 1489 auoceros
866 1426 933 1471 riou
959 1406 1160 1489 contempsit.
1199 1406 1273 1473 Hoc
1293 1406 1394 1475 ctiaac
1409 1409 1538 1476 Aristo-

467 1529 575 1586 aeuus
598 1509 875 1595 Pptioaporasque
898 1516 1096 1580 testantur.“
1140 1514 1179 1581 cf.
1202 1513 1316 1581 [ombl.
1341 1514 1382 1581 do
1398 1516 1536 1605 Pythag.
1569 1538 1573 1545 ’

468 1618 536 1683 vita
558 1617 625 1683 XV
648 1620 706 1685 64:
739 1617 808 1709 τὴν
841 1614 905 1687 διδ
936 1627 1128 1711 μουσικῆς
1160 1620 1373 1690 παίδευσιν
1405 1621 1538 1714 πρώτην

466 1721 689 1815 κατεστήσατο
714 1722 770 1791 διά
789 1752 824 1793 τε
838 1728 947 1811 μελῶν
965 1753 1064 1795 τινων
1082 1727 1139 1795 καὶ
1158 1733 1304 1816 ῥυθμῶν,
1327 1723 1386 1819 ἀφ’
1404 1717 1450 1797 cir
1463 1728 1537 1820 τρό-

468 1859 543 1898 πιον
569 1858 605 1899 τε
632 1833 689 1898 καὶ
717 1839 842 1899 παθῶν
865 1827 1093 1919 ἀνθρωπίνων
1122 1832 1226 1915 ἰάσεις
1248 1834 1411 1924 ἐγίγνοντο
1434 1833 1537 1925 ἆρμο-

465 1936 534 2005 νίαι
553 1964 588 2005 τε
603 1944 667 2005 τιῦν
682 1944 742 2029 τῆς
758 1946 862 2031 ’ψυχῆς
878 1938 1052 2026 δυνάμεων.
1084 1941 1183 2007 Dion.
1201 1941 1317 2029 Chrys.
1330 1943 1469 2009 XXXII
1483 1948 1534 2013 5⁴1.

465 2046 552 2111 Plut.
576 2069 655 2112 mor.
682 2050 778 2114 1401.
803 2049 844 2115 51
871 2046 1030 2131 (domus.
1053 2048 1152 2115 XLII
1175 2048 1221 2135 5).
1249 2086 1294 2097 —
1317 2044 1357 2116 ἀν
1378 2051 1439 2136 μὲν
1459 2045 1537 2138 βοά-

466 2155 565 2244 ληται
597 2155 680 2221 κτλ.;
713 2154 752 2221 cf.
784 2154 868 2219 Plat.
901 2156 1006 2223 Prot.¹
1025 2178 1056 2241 P·
1079 2158 1144 2223 328
1168 2157 1211 2222 B:
1245 2157 1383 2225 ἐπειδάν
1405 2156 1466 2247 γάρ
1487 2186 1538 2239 τις

465 2261 545 2349 παρ’
584 2260 665 2347 ἐμοῦ
693 2255 805 2353 μάθῃ,
844 2257 909 2329 ἐάν
938 2264 1008 2347 μὲν
1038 2260 1241 2352 βούληται,
1272 2255 1488 2333 ἀποδέδωκεν
1516 2254 1535 2334 δ

466 2362 531 2455 ἑγιδ
565 2362 755 2458 πράττομαι
787 2358 950 2457 ἀργύριον·
986 2366 1042 2436 δάν
1076 2370 1114 2436 δὲ
1144 2367 1201 2460 μή,
1236 2370 1345 2438 ἐλθών
1374 2370 1422 2452 εἰς
1451 2368 1535 2460 ἱερὸν

467 2464 590 2560 δμόσας
622 2468 698 2544 ὅσου
730 2470 769 2543 δν
800 2482 847 2566 φῇ
879 2470 955 2556 ἀξια
987 2471 1070 2544 εἶναι
1093 2472 1135 2543 τά
1157 2475 1357 2568 μαθήματα,
1381 2486 1535 2547 τοσοῦτον

449 2582 640 2672 κατέθηκε.
679 2583 721 2648 ad
744 2581 832 2647 hunc
855 2582 962 2648 locum
978 2583 1057 2649 Frsi
1080 2584 1123 2670 (p.
1141 2584 1219 2670 166)
1244 2585 1327 2651 haoo
1349 2589 1533 2653 annotavit:

468 2684 557 2771 „scir
597 2690 854 2777 χαριέστατον
893 2688 1047 2780 τρόπον
1085 2697 1151 2781 τῆς
1188 2686 1441 2783 ἀπαιτήσεως
1468 2698 1533 2761 τοῦ

463 2802 614 2881 μισθοῦ
636 2794 748 2877 ἔταξε
772 2797 817 2863 ad
831 2797 1055 2882 Protaporaai
1079 2804 1159 2864 suut
1177 2799 1370 2881 reserenda·
1392 2798 1535 2867 Πλάτων

463 2903 523 2969 oia
555 2903 624 2969 alia
656 2904 786 2971 ratiouc
812 2905 972 2989 posituri
991 2912 1072 2981 erat,
1105 2927 1207 2987 quari
1235 2912 1272 2971 ut
1295 2908 1394 2973 Ptato
1419 2912 1535 2973 auctor

464 3010 682 3095 iudicaretur,
708 2998 749 3077 ενι
772 3033 835 3093 quo
860 3014 948 3093 quoot
971 3013 1010 3079 cie
1026 3014 1235 3098 Protaporae
1250 3015 1397 3086 mercede
1412 3019 1534 3082 uarrat

464 3118 620 3202 scriptor,
660 3117 835 3204 repetituri
870 3126 961 3187 esset.
1010 3122 1105 3202 Quod
1140 3119 1172 3187 si
1205 3121 1253 3187 ita
1291 3126 1348 3204 est,
1389 3109 1432 3188 ἀν
1464 3122 1533 3207 μὲν
1592 3116 1596 3125 ’

462 3224 653 3315 βούληται
687 3226 850 3309 reliquiae
882 3233 963 3293 suat
993 3227 1150 3293 Platoais
1183 3227 1359 3293 verborum
1396 3249 1437 3293 erc
1466 3227 1532 3293 ioco

463 3354 559 3415 queat
579 3320 791 3401 eocioibairaus
804 3334 1074 3418 exscriptoraurf‘
1107 3335 1218 3421 audi03
1241 3335 1298 3400 sed
1316 3334 1404 3423 quod
1420 3335 1533 3400 eodem

460 3441 531 3508 loco
555 3442 720 3507 contendit
734 3442 813 3507 Frei
834 3442 915 3507 haec
940 3443 1106 3526 „coaptata
1129 3463 1197 3509 esse
1214 3464 1254 3507 coc
1269 3441 1413 3526 siaputr's
1430 3462 1531 3506 auuo-

461 3548 644 3614 tatioaibus
667 3570 753 3631 quae
775 3548 814 3617 iu
836 3550 989 3635 raarpiao
1012 3548 1092 3615 libri
1114 3549 1170 3616 sui
1194 3548 1387 3632 ascripserit
1407 3548 1531 3631 aliquis

463 3656 507 3723 ad
530 3656 646 3739 iocum,
675 3656 735 3738 aui
757 3657 797 3721 de
819 3657 1009 3741 Protapora
1026 3657 1182 3739 proiciare
1199 3655 1382 3739 procedit‘,
1412 3658 1531 3721 sinon

462 3765 635 3850 assentior3
668 3788 745 3831 nam
776 3765 918 3850 primum
950 3763 1053 3829 fusius
1087 3763 1149 3829 hoo
1180 3763 1252 3829 loco
1286 3764 1326 3828 do
1352 3764 1530 3849 Protagora

462 3872 584 3939 dictum
618 3894 688 3937 osso
720 3871 800 3936 mihi
832 3871 971 3952 videtur,
1005 3893 1104 3957 quam
1135 3881 1172 3936 ut
1202 3892 1244 3935 ox
1267 3869 1530 3936 annotationibus

461 4001 501 4044 ea
532 3989 645 4065 putem
673 3979 811 4045 oriunda
834 4000 918 4063 osse;
950 3976 1069 4043 deinde
1092 3978 1209 4042 mirum
1235 4000 1305 4044 osse
1328 3999 1393 4044 non
1415 3985 1529 4063 potest,

461 4109 533 4153 cum
575 4088 616 4153 do
657 4087 776 4152 virtuts
815 4096 924 4151 orator
959 4086 1097 4151 disserat
1131 4085 1172 4150 do
1206 4085 1328 4171 iisque,
1368 4085 1425 4171 qui
1459 4106 1530 4147 eam

461 4193 588 4277 docent,
612 4195 710 4259 otiam
734 4193 775 4258 do
793 4194 1006 4263 institutionis
1021 4193 1174 4259 mercede
1189 4192 1292 4257 verba
1307 4192 1389 4273 fiori,
1405 4214 1448 4256 an
1462 4192 1531 4259 iure

460 4324 532 4367 eam
555 4301 717 4387 accipiant
739 4299 920 4388 philosophi
942 4323 1058 4367 necne.
1082 4338 1125 4349 —
1147 4299 1201 4365 Do
1227 4299 1332 4365 verbis
1354 4302 1450 4366 τοῦτο
1466 4296 1525 4387 γάρ
