3825 5384
816 614 1038 678 ..57-

392 792 520 866 librum,
546 814 630 878 „quo
653 764 850 877 Protagoras
878 791 972 876 quasi
1001 790 1184 856 scholarum
1207 793 1370 876 prooemio
1394 791 1464 854 uni·

393 921 521 965 versam
554 898 684 964 virtutis
717 898 885 985 politicae,
918 920 983 984 qua
1016 897 1188 984 disciplina
1220 900 1290 962 eius
1322 899 1465 963 contine·

393 1006 491 1071 batur
520 1014 598 1085 tota,
630 1004 781 1069 studendi
811 1006 968 1071 rationem
997 1015 1096 1091 atque
1121 1004 1311 1069 methodum
1334 1026 1465 1090 praeoe-

298 1164 300 1167 .
394 1114 510 1200 perit“‚
534 1111 739 1199 eundemque
762 1120 855 1201 putat
878 1134 947 1177 esse
971 1134 1011 1176 ac
1034 1109 1289 1199 προστακτικόν,
1319 1113 1375 1198 qui
1397 1112 1465 1177 lau-

395 1222 491 1287 datur
514 1220 602 1306 apud
617 1220 801 1306 Diogenem
816 1220 927 1285 Laert.
942 1219 995 1283 IX
1011 1220 1064 1286 55.
1112 1220 1198 1305 quod
1221 1216 1465 1308 προστακτικὸν

397 1328 537 1419 eundem
561 1328 639 1393 dicit
663 1350 733 1393 esse
756 1327 875 1393 librum
899 1350 938 1391 ac
953 1326 1070 1414 Μέγαν
1093 1324 1198 1415 λόγον,
1220 1328 1335 1393 hocin
1354 1328 1464 1393 medio

296 1476 297 1479 =
394 1434 644 1521 relinquendum
660 1445 719 1518 est,
741 1436 863 1520 quippe
880 1435 968 1520 quod
984 1435 1171 1499 coniectura
1186 1434 1363 1521 collegerit,
1381 1459 1465 1522 quae

395 1546 491 1609 certis
499 1542 700 1629 argumentis
709 1552 811 1625 earet3
823 1551 921 1628 atque
930 1540 1018 1606 idem
1029 1543 1235 1606 statuendum
1245 1553 1293 1607 est
1302 1544 1343 1608 de
1351 1542 1467 1608 Dielsii

395 1648 663 1738 (Vorsokratiker
684 1650 749 1715 519
765 1649 827 1735 frg.
845 1650 880 1733 3)
905 1649 1103 1731 coniectura,
1127 1651 1183 1735 qui
1199 1648 1293 1715 titulo
1309 1648 1467 1738 Μεγάλου

396 1756 492 1845 λόγοο
515 1756 693 1850 significari
712 1757 893 1841 suspicatus
914 1766 964 1821 est
983 1750 1040 1844 τὴν
1053 1746 1245 1846 Ἀλήθειαν,
1270 1780 1467 1844 quamquam

397 1864 542 1928 confiteri
576 1886 641 1928 non
677 1861 788 1928 dubito
824 1885 929 1927 meum
968 1886 1097 1949 quoque
1131 1864 1276 1928 animum
1308 1864 1351 1928 ad
1382 1864 1468 1929 hanc

400 1972 593 2037 sententiam
611 1970 778 2036 inclinare.
824 1969 880 2033 sed
905 1971 991 2057 quod
1007 1971 1220 2056 Protagoram
1240 1980 1342 2036 totam
1365 1982 1468 2038 artem

398 2078 540 2143 ethicam
561 2081 596 2141 in
620 2101 659 2143 eo
682 2076 829 2142 breviter
853 2076 1059 2163 complexum
1082 2100 1152 2142 esse
1168 2077 1246 2143 Frei
1269 2077 1359 2160 dicit,
1381 2089 1469 2144 recte

397 2185 476 2249 mihi
492 2185 615 2251 dixisse
630 2183 775 2266 videtur3
793 2184 911 2249 addam
928 2183 1016 2269 quod
1031 2184 1324 2270 Peripateticorum
1342 2209 1469 2273 quoque

396 2294 550 2357 universa
573 2315 626 2356 ars
649 2290 757 2356 ethica
779 2294 814 2356 in
835 2287 967 2381 ἠθικοῖς
981 2289 1144 2380 μεγάλοις,
1169 2315 1253 2377 quae
1270 2292 1329 2357 sub
1345 2293 1469 2358 Aristo-

401 2400 473 2464 telis
495 2398 644 2464 feruntur
666 2401 809 2481 nomine,
833 2398 1028 2465 adumbrata
1050 2410 1106 2469 est.
1153 2401 1241 2464 idem
1261 2400 1337 2464 Frei
1360 2400 1471 2466 verbis

400 2501 457 2575 oia
480 2501 519 2573 όν
547 2506 582 2573 δὲ
610 2504 715 2593 ἔλεγεν
742 2508 810 2573 κτλ.
835 2506 960 2571 innisus
984 2505 1120 2570 fabellas
1143 2505 1214 2570 illas
1238 2508 1375 2573 reiicere
1399 2530 1469 2572 nos-

398 2625 486 2679 trum
508 2622 595 2678 recte
619 2615 783 2699 cognovit,
813 2612 930 2699 quibus
953 2612 1150 2699 Protagoras
1179 2635 1245 2677 non
1273 2614 1335 2678 nisi
1364 2621 1471 2679 aetate

398 2732 573 2806 provectus
600 2720 784 2785 Democriti
812 2720 986 2806 disciplina
1018 2744 1095 2785 usus
1128 2742 1199 2785 esse
1232 2720 1353 2785 dieitur
1381 2719 1473 2807 (Frei

397 2850 428 2919 p.
454 2829 505 2895 35.
536 2830 599 2894 169
624 2833 713 2913 sqq·)·
738 2866 782 2876 -
810 2827 853 2892 ad
885 2832 965 2894 νεῶν
996 2825 1172 2896 παίδευσιν
1203 2827 1242 2894 of.
1267 2826 1356 2892 Stob.
1380 2828 1413 2892 fi.
1437 2828 1472 2891 Π

401 2956 433 3023 p.
459 2936 533 3002 208.
560 2937 602 3000 13
627 2935 792 3000 Waohsm.
840 2934 975 3021 Antiph.
999 2936 1047 3000 ed.
1072 2935 1175 2999 Blass.
1199 2957 1232 3021 p.
1259 2938 1332 3001 144.
1379 2933 1472 3001 Diels

399 3041 557 3107 Vorsokr.
582 3063 612 3128 p.
629 3043 704 3109 559.
730 3044 782 3108 60.
824 3036 1044 3131 Ἀντιφῶντος
1060 3066 1066 3078 ·
1085 3046 1218 3129 πρῶτον
1240 3036 1335 3135 οἶμαι
1358 3046 1425 3108 τῶν
1440 3043 1473 3108 ἕν

402 3145 597 3238 ἀνθρώποις
620 3148 707 3216 ἐστὶν
731 3148 905 3228 παίδευσις
922 3140 1021 3216 ’ὅταν
1044 3146 1103 3236 γάρ
1126 3174 1176 3228 τις
1194 3146 1387 3237 πράγματος
1411 3144 1473 3216 κᾶν

401 3248 532 3325 ότονοσν
555 3251 614 3345 τὴν
629 3250 730 3346 ἀρχὴν
753 3246 863 3342 ὀρθῶς
879 3254 1075 3345 ποιήσηται,
1099 3251 1185 3335 εἰκός
1207 3255 1265 3322 καί
1287 3251 1345 3345 τὴν
1367 3257 1473 3323 τελει-

401 3364 461 3453 τὴν
484 3357 595 3450 ὀρθῶς
618 3361 789 3451 γίγνεσθαι
807 3414 815 3428 .
834 3416 841 3428 .
860 3414 867 3427 .
885 3362 942 3429 καὶ
966 3363 1005 3429 ἐν
1028 3368 1096 3451 νεῷ
1119 3360 1272 3447 σαίματι
1297 3354 1389 3429 ὅταν
1412 3391 1473 3443 τις

401 3470 468 3559 τὴν
499 3469 709 3537 παίδεσσιν
750 3469 932 3558 γενναίαν
969 3467 1180 3559 ἐναρμόσῃ,
1220 3470 1256 3559 ζῇ
1288 3476 1383 3537 τοῦτο
1416 3470 1472 3537 καί

400 3576 517 3644 θάλλει
535 3571 590 3643 διὰ
606 3571 732 3656 παντός
746 3583 804 3644 τοῦ
814 3576 889 3663 βίον
903 3578 960 3644 καὶ
975 3572 1053 3645 aiud
1069 3584 1165 3645 τοῦτο
1180 3571 1253 3644 οότε
1267 3570 1387 3664 όμβρος
1401 3566 1474 3644 otte

402 3676 563 3770 οἷνομβριά
587 3678 788 3774 ἀφαιρεῖται.
835 3690 893 3751 τοῦ
916 3678 1025 3752 αὐτοῦ.
1069 3678 1244 3772 Ἀναρχίας
1265 3678 1391 3751 δ’σόόὲν
1413 3683 1473 3752 κοί-

402 3818 473 3859 κιον
489 3786 693 3878 ἀνθρώποις·
711 3798 816 3860 ταῦτα
829 3789 1060 3881 γιγνιόσκοντες
1080 3789 1111 3857 oi
1128 3789 1278 3879 πρόσθεν
1295 3780 1473 3880 όίνθριοποι

403 3894 482 3966 ἀπὸ
499 3904 564 3986 τῆς
580 3891 697 3988 ἀρχῆς
712 3894 865 3979 εἴθιζον
880 3898 969 3977 τοί-ς
984 3900 1134 3977 παῖδας
1150 3887 1346 3986 όίρχεσθαι
1362 3898 1420 3965 καὶ
1435 3894 1473 3966 τό

403 4003 609 4091 κελευόμενον
621 4011 741 4073 ποιεῖν.
754 4046 795 4054 -
811 4006 946 4092 Phoeyl.
964 4006 1054 4071 PLG
1068 4007 1102 4069 Π
1116 4008 1169 4072 71.
1186 4006 1290 4071 31B⁴:
1303 4001 1362 4096 χρὴ
1376 4006 1473 4071 παῖδ’

404 4113 448 4179 ἐτ’
461 4110 556 4180 ε’όντα
567 4112 653 4180 καλὰ
667 4110 859 4198 όιόοίσκεμεν
869 4112 946 4202 ἔργα
961 4167 968 4180 .
983 4167 990 4180 .
1005 4166 1013 4179 .
1026 4112 1159 4178 An'stot.
1174 4111 1276 4180 1179b
1284 4115 1335 4179 20.
1358 4112 1473 4178 Iambl.

402 4228 503 4305 protr.
519 4220 568 4287 ed.
584 4220 665 4287 Pist.
681 4242 712 4307 p.
730 4223 781 4287 25.
800 4224 841 4288 26
860 4221 906 4308 (v.
917 4220 1147 4303 Wilamowitz‚
1162 4219 1263 4287 Arist.
1280 4220 1349 4285 und
1362 4218 1475 4284 Athen

403 4327 528 4411 1174).
552 4365 597 4375 -
619 4327 675 4392 Ad
696 4326 878 4413 Epicurum
900 4327 939 4394 of.
965 4326 1102 4410 Usener,
1126 4326 1219 4411 Epio.
1243 4326 1305 4413 frg.
1331 4329 1405 4394 173.
1431 4364 1473 4373 —
