3825 5384
828 612 1050 679 ..33-

403 789 490 855 foras
512 799 588 855 sunt
612 790 699 872 data,
723 811 798 855 eum
822 788 1014 877 compilasse
1029 812 1128 877 supra
1143 790 1392 878 probaverimus
1415 792 1472 879 (cf.

292 922 294 925 ·
401 918 433 979 p.
450 895 522 981 30);
550 919 657 984 neque
684 904 758 981 post
786 919 910 962 annum
934 898 1000 964 150
1019 920 1050 982 p.
1074 895 1152 965 chr.
1176 921 1219 983 n.,
1248 920 1323 965 cum
1345 922 1472 984 verear,

401 1014 438 1071 ut
470 1006 653 1070 coniunctis
691 1003 916 1088 philosophiae
954 1014 987 1070 et
1023 1004 1102 1069 artis
1133 1005 1314 1072 rhetoricae
1344 1008 1470 1087 studiis,

403 1133 487 1197 quae
524 1112 708 1177 consociata
739 1112 828 1195 apud
860 1134 935 1177 eum
966 1112 1115 1178 videmus
1149 1134 1234 1196 esse,
1274 1114 1368 1181 multi
1398 1124 1472 1199 post

401 1219 547 1285 medium
569 1218 614 1283 Π.
637 1241 669 1303 p.
695 1218 770 1285 Chr.
794 1242 826 1283 n.
856 1220 1023 1284 saeculum
1046 1242 1179 1303 operam
1207 1219 1368 1288 dederint.
1413 1222 1471 1287 sed

401 1325 445 1391 ad
476 1327 661 1417 accuratius
696 1325 922 1391 extricandam
955 1328 1026 1392 eius
1060 1337 1203 1393 aetatem
1237 1328 1335 1393 aliam
1365 1330 1473 1416 ingre

402 1431 529 1497 diamur
565 1434 661 1498 viam.
716 1432 852 1498 dubium
889 1435 976 1497 enim
1010 1432 1098 1520 haud
1129 1443 1236 1517 potest
1268 1458 1353 1518 esse,
1392 1437 1473 1523 quin

399 1538 623 1605 Alexandriae
649 1542 752 1606 oratio
780 1540 869 1606 dicta
896 1542 953 1624 sit,
987 1542 1078 1606 ouius
1099 1542 1149 1607 rei
1172 1544 1402 1628 gravissimum
1423 1567 1473 1609 re-

400 1656 475 1731 peto
504 1656 733 1733 argumentum
761 1670 803 1712 ex
835 1648 1022 1713 narratione
1052 1647 1122 1731 illa,
1157 1672 1255 1735 quam
1283 1651 1351 1716 edit
1376 1653 1396 1736 ἓ
1419 1653 1472 1733 38,

400 1752 458 1819 ubi
488 1756 562 1819 luce
595 1754 713 1820 clarius
741 1766 789 1819 est
812 1753 978 1841 designari
1001 1754 1242 1822 Alexandrinos
1265 1756 1373 1823 verbis
1396 1757 1473 1837 τοὺς

401 1854 465 1929 drr'
482 1851 694 1950 Ἀλεξάνδρου
725 1868 785 1929 τοῦ
807 1850 984 1947 Ἄμμωνος
1020 1853 1278 1948 ὠνομασμένους.
1333 1866 1472 1949 accedit,

401 1968 488 2055 quod
510 1990 666 2055 magnum
690 1979 799 2035 orator
827 1970 989 2055 significat
1015 1994 1186 2036 numerum
1214 1973 1472 2059 peregrinorum,

402 2076 466 2161 qui
480 2098 581 2141 naves
603 2075 646 2142 ad
669 2075 786 2142 urbem
813 2076 984 2161 appellunt
1015 2076 1180 2143 mercibus
1211 2079 1346 2144 refertas
1369 2081 1402 2168 (ᾗ
1427 2081 1470 2146 32

400 2177 475 2263 τούς
497 2182 713 2267 εἰσπλέοντας
726 2179 863 2273 <πρὸς>
878 2183 937 2265 τὰς
953 2179 1061 2273 Δοἰρχοὶς
1083 2175 1258 2253 ἀποτελεῖν
1274 2173 1320 2253 ὧν
1340 2175 1472 2275 ἄγουσιν

400 2284 534 2373 (ὠνίων
552 2290 627 2370 τοὺς
645 2288 764 2380 φόρους
772 2289 811 2378 >).
836 2300 1007 2376 praeterea
1021 2292 1213 2376 Sarapidem
1229 2292 1326 2358 deum
1341 2292 1472 2382 Aegyp-

400 2398 483 2462 tium
498 2396 554 2466 cdv
568 2396 723 2486 μέγιστον
737 2400 771 2486 (ἓ
787 2397 844 2484 39)
860 2398 1013 2483 appellat,
1037 2399 1125 2487 quod
1147 2423 1212 2465 non
1234 2401 1341 2485 potuit
1363 2400 1473 2467 facere

401 2505 465 2569 nisi
496 2527 605 2570 coram
637 2505 820 2571 hominibus
852 2506 938 2572 illius
971 2507 1025 2572 dei
1053 2505 1180 2572 colendi
1204 2509 1383 2592 praecipue
1406 2519 1471 2573 stu·

402 2612 514 2697 diesis,
558 2612 782 2679 Alexandriae
825 2623 934 2680 autem
975 2614 1269 2699 praeclarissimum
1305 2614 1472 2701 Sarapidis

290 2784 294 2794 ,
400 2719 567 2804 templum,
594 2725 780 2809 Σαραπεῖον
795 2720 883 2807 quod
905 2721 1095 2804 vocabatur,
1118 2720 1217 2787 fuisse
1238 2744 1334 2789 nemo
1357 2723 1469 2788 nescit.

401 2826 520 2892 deinde
547 2828 635 2914 quod
662 2827 834 2894 immodico
862 2829 970 2894 studio
995 2830 1140 2915 partium
1166 2831 1200 2894 in
1227 2830 1356 2895 theatro
1379 2832 1470 2900 ¹circs

400 2934 547 3000 ferantur
568 2933 623 3022 (cf.
649 2937 667 3021 ξ
692 2938 844 3025 3'lsqq.),
877 2935 996 3002 nullius
1027 2936 1119 3002 urbis
1150 2936 1266 3002 incolis
1296 2936 1470 3023 opprobrio

401 3063 504 3128 aeque
544 3042 644 3108 tribui
683 3053 790 3131 potest
829 3058 926 3130 atque
962 3041 1214 3129 Alexandrinis;
1258 3067 1323 3130 qua
1359 3043 1400 3109 de
1435 3067 1472 3109 re

401 3149 562 3236 copiosius
589 3160 698 3216 actum
726 3162 775 3217 est
802 3153 837 3216 in
863 3151 981 3217 Dionis
1009 3150 1231 3238 chrysostomi
1259 3153 1406 3217 oratione
1429 3151 1472 3216 ad

400 3254 641 3325 Alexandrinos
663 3257 778 3325 habita
801 3258 858 3346 (or.
871 3257 1033 3342 XXXII),
1057 3258 1115 3324 ubi
1137 3269 1246 3324 orator
1267 3260 1470 3345 gravissimis

401 3364 511 3430 verbis
535 3389 590 3432 eos
613 3364 654 3432 de
677 3366 800 3431 insanis
824 3367 877 3431 vel
898 3367 934 3431 in
956 3367 1085 3432 theatro
1109 3365 1163 3431 vel
1182 3367 1216 3431 in
1232 3366 1338 3431 stadio
1353 3366 1471 3432 tumul·
1525 3420 1530 3430 .

400 3470 488 3538 tibus
503 3472 556 3559 (cf.
573 3475 612 3559 ἓξ
629 3476 681 3539 41.
699 3472 754 3557 74)
771 3472 933 3559 obiurgat.
965 3472 1054 3539 idem
1074 3482 1182 3538 orator
1204 3475 1240 3538 in
1263 3472 1377 3539 eadem
1401 3496 1471 3539 ora·

400 3581 488 3646 tione
526 3580 671 3647 fabulam
709 3589 955 3665 commemorat,
995 3602 1060 3665 qua
1096 3578 1301 3646 Alexandria
1338 3581 1470 3647 condita

402 3708 470 3753 esse
493 3700 655 3775 narratur
687 3712 707 3753 a
738 3688 866 3770 bestiis,
900 3710 984 3774 quae
1007 3686 1174 3773 Orpheum
1202 3698 1335 3754 secutae
1362 3698 1473 3754 essent

401 3804 500 3861 cantu
523 3798 592 3862 eius
615 3806 730 3883 raptae
753 3818 902 3883 quaeque
927 3805 1001 3881 post
1024 3795 1094 3861 eius
1116 3805 1256 3861 mortem
1279 3818 1299 3860 a
1321 3795 1400 3860 Iove
1421 3818 1472 3861 ro-

400 3911 499 3990 gante
522 3902 670 3991 Calliopa
691 3905 727 3969 in
750 3902 916 3968 hominum
941 3903 1062 3967 formas
1089 3912 1196 3967 essent
1224 3911 1382 3987 mutatae3
1414 3903 1473 3967 im·

400 4009 563 4077 modicam
586 4022 696 4078 autem
724 4021 840 4077 cantus
872 4010 1085 4097 cupiditatem
1118 4011 1165 4075 eis
1196 4010 1405 4093 remansisse,
1438 4011 1474 4075 id

401 4118 489 4207 quod
520 4118 608 4184 idem
639 4119 793 4185 orationis
824 4129 955 4184 nostrae
987 4118 1125 4204 scriptor
1155 4116 1286 4183 videtur
1317 4115 1472 4182 denotare

401 4227 497 4312 537.
542 4225 727 4315 quodcum
754 4227 1033 4314 perspexerimus,
1066 4224 1155 4290 haud
1181 4224 1230 4289 ita
1255 4223 1388 4289 difficile
1411 4224 1474 4289 erit

399 4334 603 4421 perquirere,
637 4334 725 4421 apud
758 4357 854 4421 quern
883 4334 924 4398 sit
947 4332 1061 4398 habita
1083 4332 1199 4398 oratio.
1244 4354 1321 4397 nam
1344 4354 1419 4397 cum
1441 4341 1474 4395 et

1226 4439 1242 4493 ὅ
