3825 5384
806 572 1027 639 -19-,

470 750 688 835 Participio
721 748 814 835 perf.
847 771 945 835 pass.
975 771 1042 835 pro
1072 747 1270 814 adiective
1298 772 1375 815 usus
1403 760 1452 815 est

382 859 447 925 bis:
472 856 722 947 προβεβλημένη
746 856 814 938 §fa
858 854 1109 944 πεπεδημένους
1132 856 1220 937 518.
1260 856 1302 921 cf.
1318 854 1453 922 Schmid

375 968 433 1037 ,IV
457 970 531 1034 617.

470 1074 640 1139 Medium
662 1095 782 1158 genus
805 1095 873 1158 pro
897 1074 1028 1138 activo
1052 1076 1211 1159 prostat§
1230 1074 1270 1139 12
1295 1061 1453 1161 ἄρα’μενος

383 1193 415 1249 et
440 1182 518 1265 §18
543 1176 721 1266 ἱστάμενος.
756 1178 890 1245 Schmid
911 1180 962 1245 IV
978 1182 1054 1247 616.

469 1288 726 1353 Infinitivum
761 1285 1008 1352 substantiva
1045 1287 1086 1351 vi
1122 1287 1277 1353 instruxit
1316 1288 1453 1354 articulo

386 1395 567 1485 praeposito
605 1398 625 1475 ξ
649 1396 685 1459 4:
724 1388 762 1461 τὸ
792 1396 946 1461 καθελεῖν
976 1388 1195 1478 εὐδαιμονίαν.
1246 1395 1287 1459 cf.
1320 1394 1454 1461 Schmid

385 1504 436 1571 IV
449 1504 502 1569 84.
542 1502 627 1567 Satis
642 1523 762 1584 rarum,
778 1501 835 1566 sed
850 1499 997 1566 Atticum
1012 1502 1222 1568 διανοεῖσθαι
1228 1491 1283 1586 ,οἷς
1297 1512 1454 1588 sequente

385 1618 468 1698 part.
485 1609 557 1674 fut:
575 1612 635 1691 §b
675 1606 714 1674 cf.
730 1607 812 1672 Plat.
828 1607 911 1694 legg.
928 1609 948 1675 6
965 1631 996 1695 p.
1008 1610 1074 1675 Ιῖ55
1083 1605 1123 1672 A.
1165 1605 1320 1696 [Manem]
1337 1612 1400 1676 241
1410 1609 1452 1673 Ι).

473 1708 569 1794 ὅπως
599 1709 639 1781 ἂν
663 1738 737 1780 cum
768 1715 911 1801 optativo
943 1715 1151 1780 coniunctum
1174 1717 1208 1802 (ἓ
1217 1714 1274 1798 42)
1305 1714 1346 1779 ab
1370 1713 1455 1781 Atti-

388 1847 498 1890 corum
515 1823 655 1888 dictione
670 1845 735 1887 non
751 1820 912 1886 abhorret.
943 1822 1029 1886 Nam
1044 1831 1101 1886 aut
1116 1824 1150 1886 in
1164 1822 1455 1907 interrogationum

385 1931 591 2018 obliquorum
612 1952 785 1995 numerum
807 1929 981 1995 referenda
1003 1938 1051 1993 est
1072 1928 1129 1993 illa
1151 1929 1332 1995 enuntiatio
1350 1951 1455 2016 neque

385 2038 452 2104 nlla
471 2038 537 2101 iam
553 2036 616 2101 erit
632 2037 765 2101 offensio
781 2038 816 2100 in
833 2058 872 2100 ea
887 2045 1054 2101 structura
1068 2036 1123 2122 (cf.
1140 2035 1284 2122 Kriiger,
1307 2035 1454 2122 Spracbl.

386 2148 470 2228 §54
494 2147 526 2226 6,
537 2142 592 2228 6),
616 2154 672 2209 aut
696 2141 959 2208 subaudiendum
983 2152 1032 2209 est
1050 2142 1289 2228 ἐπιμελεῖσθαι
1305 2134 1400 2222 ὅπως
1416 2137 1456 2211 ἂν

384 2249 462 2335 aab,
480 2250 523 2316 ad
539 2250 626 2337 quod
641 2252 737 2315 unice
752 2250 831 2316 facit
846 2250 935 2315 locus
952 2249 1180 2337 Xenophontis
1194 2251 1230 2314 in
1245 2271 1353 2318 oecon.
1369 2250 1404 2315 11
1419 2252 1455 2317 9:

385 2366 440 2427 νῦν
461 2354 602 2437 κελεύεις
620 2382 661 2442 με
678 2409 686 2423 .
705 2409 712 2423 .
730 2410 737 2424 ,
755 2358 992 2443 ἐπιμελεῖσθαι
1008 2349 1105 2435 ὅπως
1119 2351 1158 2423 ἂν
1172 2352 1219 2447 μὴ
1237 2354 1457 2425 παντάπασιν

387 2460 523 2556 ἀληθῶς
536 2464 639 2554 πένης
651 2464 764 2553 γένοιο.
805 2464 847 2531 cf.
858 2465 1000 2549 Kriiger,
1017 2462 1164 2549 Sprachl.
1181 2465 1262 2546 554.
1287 2466 1316 2531 8.
1340 2473 1405 2529 not
1423 2466 1463 2531 6.·
1501 2503 1503 2506 -

385 2572 439 2638 De
465 2563 561 2651 ὅπως
587 2565 626 2638 ἂν
653 2594 681 2636 ο.
709 2572 791 2637 coni.
819 2571 1032 2636 antecedente
1057 2571 1248 2657 imperfecto
1276 2570 1315 2637 cf.
1343 2592 1455 2636 comm.

386 2681 428 2747 ad
451 2682 471 2761 ἕ
488 2680 541 2745 38.

664 2783 715 2873 νγ)
740 2785 785 2851 de
809 2786 1175 2872 praepositionibus.

472 2905 549 2978 5πὸ
575 2932 603 2975 c.
621 2909 686 2975 dat.
727 2913 794 2992 63,
819 2933 917 2998 quam
939 2920 1136 2977 structuram
1157 2910 1344 2977 obiciebant
1359 2910 1457 2976 helle·

389 3018 509 3100 nistici,
533 3039 576 3081 ex
597 3015 783 3083 Atticorum
805 3040 867 3084 usu
890 3018 944 3105 (cf.
959 3017 1118 3083 Kiihner3
1140 3018 1199 3084 ΠΙ
1224 3041 1255 3104 p.
1273 3018 1456 3104 5241121’)

384 3133 548 3211 receptam
575 3124 736 3190 atticistae
755 3124 979 3212 frequentant3
1004 3124 1044 3189 cf.
1059 3123 1193 3190 Schmid
1213 3124 1262 3191 IV
1278 3127 1353 3192 624.

474 3225 540 3297 διὰ
563 3231 702 3311 τέλους
725 3236 744 3315 ἕ
763 3234 821 3315 33,
846 3254 924 3298 vere
946 3230 1057 3297 Attice
1081 3231 1213 3297 dictum.
1260 3232 1298 3296 cf.
1323 3231 1458 3298 Schmid

385 3340 434 3407 IV
450 3339 525 3405 626.
579 3339 735 3423 Viereck‚
758 3363 851 3407 serm.
874 3363 924 3426 gr.
942 3341 999 3423 643
1023 3341 1104 3405 item

475 3444 544 3513 ἐπὶ
572 3451 696 3514 πᾶσιν
719 3450 806 3529 540.
854 3447 893 3511 cf.
919 3446 1053 3513 Schmid
1077 3446 1125 3512 IV
1140 3447 1216 3515 452.

476 3554 547 3618 Iam
572 3576 727 3640 quaeram

609 3740 640 3823 y)
666 3736 709 3804 de
734 3735 1021 3804 enuntiationum
1044 3692 1236 3805 stmctnra.

475 3859 594 3925 Verbi
622 3860 729 3927 ἐστὶν
757 3858 917 3946 eclipsis
943 3881 1103 3945 persaepe
1131 3858 1286 3923 occurrit:
1315 3862 1356 3941 ἓξ
1373 3861 1402 3925 3.
1426 3859 1458 3925 5.

388 3970 416 4034 7.
441 3968 492 4033 10.
518 3968 570 4034 15.
600 3970 649 4034 16.
674 3968 727 4034 25.
753 3968 805 4035 28.
833 3968 890 4050 33;
920 3966 961 4030 cf.
986 3963 1120 4030 Schmid
1135 3965 1185 4029 IV
1202 3967 1275 4033 106.
1322 3987 1386 4029 non
1413 3966 1459 4029 ita

386 4075 463 4139 trita
486 4084 534 4139 est
565 4075 655 4139 vocis
682 4064 763 4163 ἦσαν
790 4072 917 4159 eclipsis
941 4074 1013 4155 §22
1042 4059 1068 4158 ᾧ
1090 4068 1190 4156 μόνον
1213 4075 1308 4156 σῶμα
1331 4066 1460 4161 ὑψηλὸν

387 4171 424 4271 ἧν
446 4179 504 4249 καὶ
527 4185 629 4269 χεῖρες
650 4177 788 4269 μακραίς
813 4179 871 4245 sed
894 4188 1030 4266 apparet
1048 4177 1157 4243 hiatus
1171 4178 1250 4265 fuga
1265 4188 1460 4244 commotum

391 4309 465 4353 eum
487 4285 575 4352 hanc
598 4284 747 4354 voculam
771 4287 926 4353 omisisse.
974 4285 1015 4351 ci.
1039 4307 1070 4371 p.
1086 4287 1139 4354 27.

1211 4389 1245 4447 3*
