3825 5384
953 1062 1077 1142 Vita.

561 1202 666 1267 Natus
680 1226 752 1271 sum
763 1203 961 1289 Augustus
973 1202 1160 1268 Ludovicus
1170 1204 1310 1269 Bohler
1322 1206 1409 1270 Novi
1419 1206 1545 1271 Brisaei

480 1308 623 1373 Alsatiae
638 1311 811 1395 superioris
827 1333 855 1375 a.
871 1310 901 1374 d.
916 1310 967 1379 IV
982 1308 1056 1376 Kal]
1067 1310 1144 1376 Mai
1159 1309 1545 1397 anniMDOOOLXXX,
1577 1382 1582 1390 ,

478 1426 571 1503 patre
596 1416 736 1503 (taorgio
764 1428 868 1483 matre
890 1417 996 1483 Maria
1021 1440 1039 1482 e
1061 1428 1159 1504 gente
1182 1418 1400 1506 Schirmeyer.
1446 1420 1545 1486 fidem

479 1524 630 1611 profiteor
653 1524 853 1589 catholicam.
898 1524 1078 1590 litterarum
1098 1525 1284 1611 primordiis
1303 1527 1447 1591 imbutus
1467 1528 1543 1593 inde

391 1719 394 1724 ‚
479 1630 520 1695 ab
545 1642 665 1697 exunte
684 1655 768 1697 anno
784 1631 1021 1698 MDOOOXOI
1036 1633 1244 1719 gymnasium
1261 1633 1545 1700 Columbariacum

478 1738 694 1825 frequentavi,
713 1738 799 1825 quod
814 1749 883 1803 tum
898 1738 1036 1804 florebat
1051 1740 1122 1804 viro
1137 1740 1369 1805 humanissimo
1385 1742 1439 1826 Fr
1456 1742 1545 1806 Baur

477 1856 603 1911 rectore
626 1856 724 1933 atque
747 1869 834 1911 nunc
865 1847 963 1913 etiam
991 1847 1099 1930 floret,
1128 1848 1216 1913 undo
1238 1850 1436 1913 maturitatis
1459 1851 1544 1914 testi·

477 1954 595 2037 munic,
612 1954 698 2040 quod
713 1964 844 2037 vocant,
860 1965 993 2018 ornatus
1008 1977 1094 2019 anno
1104 1953 1408 2030 MDCOOXOVHI
1416 1955 1544 2042 Argen·

476 2070 616 2125 toratum
646 2083 698 2125 me
723 2059 860 2144 contuli,
887 2060 944 2126 ubi
968 2061 1003 2125 in
1026 2059 1144 2126 Almae
1168 2062 1350 2127 litterarum
1373 2061 1543 2128 Universi·

476 2170 552 2232 tatis
567 2167 762 2234 Wilhelmae
786 2169 908 2233 civium
931 2190 1102 2236 numerum
1125 2177 1276 2253 receptus
1300 2191 1379 2232 sum.
1423 2168 1539 2233 scholis

476 2275 611 2341 interfui
639 2274 753 2341 horum
782 2277 924 2341 virorum
952 2276 1132 2340 doctorum:
1164 2275 1278 2358 Bloch,
1302 2276 1428 2341 Heinze
1455 2299 1543 2341 nunc

477 2382 713 2468 Regiomotani,
738 2383 901 2469 Henning,
922 2382 1010 2464 Keil,
1030 2382 1191 2468 Koeppel,
1213 2382 1394 2462 Loumann,
1410 2384 1542 2465 Martin,

477 2490 655 2572 Michaelis,
694 2490 876 2573 Neumann,
903 2490 1133 2571 Reitzenstein,
1164 2487 1332 2577 †Rohrig,
1369 2487 1542 2577 †Sackur,

476 2597 643 2663 Schwartz
659 2620 745 2663 nuno
762 2597 996 2685 Gottingensis,
1012 2596 1201 2679 Thraemer,
1220 2596 1440 2662 Windelband
1455 2619 1541 2662 nunc

474 2706 773 2792 Heidelbergensis,
796 2705 934 2791 Ziegler.
967 2704 1256 2770 exercitationibus
1275 2727 1328 2769 me
1344 2704 1543 2768 admiserunt

473 2814 633 2879 historicis
649 2813 822 2903 Neumann
837 2812 923 2895 Keil,
950 2834 1087 2899 quorum
1110 2810 1342 2877 benevolentia
1363 2832 1423 2895 per
1445 2809 1542 2875 hosce

473 2932 525 2987 ter
567 2944 626 2986 sex
670 2942 796 2985 menses
838 2918 1077 2984 bibliothecarii
1119 2940 1254 2983 munere
1297 2919 1333 2981 in
1370 2918 1540 2981 seminario

476 3030 625 3095 historico
648 3026 728 3092 mihi
750 3026 869 3092 licebat
892 3026 995 3112 fungi,
1019 3026 1216 3112 germanicis
1239 3024 1359 3089 Martin
1374 3024 1541 3107 Henning,

474 3136 708 3201 numismaticis
730 3133 925 3217 Thraemer,
948 3134 1116 3199 franciscis
1137 3132 1270 3219 Robrig.
1315 3131 1541 3217 proseminarii

474 3242 659 3329 philologici
691 3242 810 3307 sodalis
842 3242 891 3306 fui
918 3263 978 3327 per
1000 3241 1065 3305 tria
1088 3242 1267 3321 semestris,
1297 3240 1460 3304 seminarii
1481 3258 1540 3323 per

475 3361 628 3438 quattuor
661 3349 721 3414 sub
753 3350 905 3435 auspiciis
928 3347 1175 3412 Reitzensteinii
1199 3359 1233 3411 et
1260 3345 1459 3410 Schwartzii.
1506 3343 1541 3406 hi

474 3459 575 3545 igitur
607 3480 719 3522 omnes
751 3467 844 3541 grato
876 3458 995 3543 pioque
1027 3456 1134 3519 animo
1166 3477 1219 3520 me
1247 3475 1375 3539 semper
1398 3453 1540 3517 futurum

475 3587 543 3631 esse
566 3564 702 3632 sciunto.

564 3672 708 3737 Maxime
760 3681 869 3735 autem
918 3694 988 3735 mea
1017 3671 1080 3735 sibi
1125 3669 1344 3734 devinxerunt
1388 3666 1465 3732 Keil
1509 3675 1542 3729 et

475 3779 705 3861 Reitzenstein,
730 3800 867 3864 quorum
889 3776 942 3842 ille
966 3788 1081 3842 auctor
1095 3776 1176 3840 mihi
1191 3775 1300 3840 extitit
1316 3772 1542 3839 conscribendi

476 3886 570 3951 huius
594 3884 693 3950 libelli
715 3907 822 3971 neque
846 3907 991 3971 unquam
1014 3884 1175 3949 dubitanti
1203 3881 1317 3965 defuit,
1345 3880 1440 3945 huius
1469 3901 1542 3944 con-

477 3993 554 4057 siliis
578 4002 675 4078 atque
699 3994 890 4057 auctoritate
913 3992 993 4057 mihi
1015 4001 1173 4077 quantum
1195 3988 1313 4054 vellem
1335 3988 1456 4053 licebat
1483 3985 1540 4050 uti.

628 4371 719 4413 Druck:
734 4370 845 4420 Hallberg
854 4368 873 4409 tr
883 4369 999 4416 Buchting
1012 4366 1072 4420 (Inh.
1083 4366 1110 4405 L.
1122 4367 1149 4405 Α.
1160 4362 1274 4417 Ktopzig),
1290 4362 1395 4413 Leipzig.
