3825 5384
873 584 1093 658 466-

450 767 618 858 πράττειν.
666 770 707 835 ef.
734 771 894 838 rossam.
925 750 1176 840 suess-e.
1225 771 1386 839 11401124.
1411 808 1453 818 -
1478 769 1522 835 ao

450 877 633 944 Stoicorum
666 878 846 942 doctrinam
880 877 919 941 cf.
949 876 1016 944 Cic.
1046 876 1178 963 Aopr.
1202 878 1317 944 1123:
1351 876 1521 960 sapientia

449 990 497 1051 est
516 1006 574 1051 ars
597 984 699 1069 vitum
722 984 876 1071 idemque
900 984 1013 1049 defin.
1031 985 1344 1052 142.1114.V16.
1379 986 1518 1051 Varron.

450 1092 539 1178 apud
566 1093 706 1179 August.
730 1092 770 1157 de
799 1092 888 1157 civit.
920 1091 986 1155 Dei
1009 1091 1094 1157 XIX
1120 1096 1153 1155 l:
1189 1093 1278 1173 quod
1309 1098 1349 1158 ut
1379 1091 1522 1159 breuiter

450 1200 620 1265 ostendum
649 1198 727 1264 iude
751 1204 875 1282 oportet
904 1198 1081 1282 incipiam,
1111 1200 1197 1279 quod
1220 1198 1291 1282 ipse
1322 1198 1466 1266 aduertit
1492 1205 1522 1265 ct

443 1305 560 1389 posuit
582 1304 619 1371 να
643 1305 726 1371 libro
750 1311 939 1389 memorate,
965 1311 1123 1387 quadum
1147 1326 1215 1372 esse
1235 1308 1411 1390 quaedam,
1436 1328 1522 1388 puae
1610 1327 1615 1336 ·

449 1412 693 1480 reminescere
717 1413 890 1497 mupistro,
920 1412 992 1479 sine
1020 1414 1086 1479 ullo
1109 1414 1281 1479 doctrinae
1306 1413 1519 1498 adminiculo,

449 1520 522 1587 stne
544 1520 716 1586 industria
739 1522 790 1586 uel
814 1526 885 1585 arte
908 1519 1057 1603 uiuendi,
1081 1542 1167 1602 quoe
1190 1520 1299 1587 uirtus
1322 1521 1448 1587 duitor
1463 1570 1471 1584 .
1487 1572 1519 1587 ..

449 1629 491 1693 cf.
525 1629 624 1693 otiam
651 1627 743 1694 Sext.
768 1628 861 1714 Emp.
895 1629 927 1691 in
962 1650 1010 1709 ea,
1044 1651 1109 1715 qua
1140 1628 1300 1693 refellitur
1334 1628 1520 1694 Stoicorum

452 1736 609 1818 doctrina,
633 1746 737 1822 parte,
762 1736 813 1799 Xl
839 1738 918 1801 181:
946 1733 976 1803 εἰ
1003 1730 1064 1823 γὰρ
1086 1727 1108 1826 ἦ
1130 1736 1191 1820 μὲν
1219 1735 1311 1823 περὶ
1339 1734 1405 1805 τὸν
1433 1735 1521 1822 βίον

451 1843 563 1933 τέχνη
581 1840 738 1933 φρόνησις
755 1834 835 1910 οὖσα
851 1840 939 1909 ἐστιν
956 1836 1080 1931 ἀρετή.
1119 1842 1235 1930 Pyrrh.
1251 1844 1361 1929 hypot.
1378 1843 1519 1925 111188,

450 1953 525 2016 240.
550 1988 594 1997 —-
618 1956 715 2015 πᾶσα
746 1949 782 2015 δὲ
811 1950 903 2038 τέχνη
933 1952 1019 2027 erl:
1052 1949 1135 2015 haec
1165 1950 1244 2015 artis
1274 1950 1418 2015 definitio
1448 1973 1520 2037 per-

450 2080 546 2144 saepe
569 2058 710 2121 recurrit
737 2067 770 2122 et
798 2058 887 2121 nuda
915 2067 948 2122 et
976 2058 1205 2121 commentario
1236 2057 1407 2141 instructa3
1440 2080 1519 2123 non·

449 2164 538 2229 nulle
566 2163 697 2249 collegit
723 2187 753 2228 v.
777 2163 893 2228 Arnim
916 2163 1014 2229 Stoica
1044 2174 1108 2229 vet.
1133 2164 1253 2249 frg.11
1280 2187 1312 2250 p.
1337 2167 1391 2232 30.
1419 2189 1451 2229 n.
1475 2168 1519 2233 93

451 2294 521 2357 sqq.
569 2270 767 2335 monendum
789 2281 917 2335 tantum
940 2281 1000 2354 est,
1028 2294 1102 2336 cum
1129 2272 1218 2357 apud
1245 2271 1385 2358 reliquos
1408 2294 1519 2337 omnes

450 2402 517 2443 vox
540 2375 761 2468 καταλήψεως
790 2378 826 2442 in
857 2378 930 2464 ipsa
959 2377 1148 2443 definitione
1178 2388 1328 2464 ponatur,
1360 2376 1519 2469 θεώρημα

450 2485 538 2572 apud
571 2484 673 2550 solum
702 2496 849 2550 nostrum
880 2495 988 2568 extet,
1027 2507 1225 2571 quamquam
1262 2485 1439 2551 discrimen
1469 2486 1520 2550 his

449 2591 585 2658 vocibus
608 2614 672 2656 non
695 2592 832 2673 intersit,
857 2591 981 2657 Stoicos
1005 2593 1048 2656 ad
1071 2592 1319 2679 significandam
1339 2594 1519 2679 perceptio·

449 2724 524 2765 nem
547 2722 677 2786 semper
699 2722 781 2764 voce
804 2692 1025 2790 καταλήψεως
1047 2702 1106 2781 uti,
1131 2701 1315 2765 cum-inter
1331 2723 1443 2765 eorum
1458 2710 1519 2766 ter·

452 2810 556 2873 minos
581 2806 820 2894 philosophicos
843 2829 881 2870 eu
904 2807 1010 2871 cadet.
1057 2807 1096 2871 cf.
1122 2807 1190 2873 cio.
1214 2808 1255 2872 de
1278 2807 1332 2872 fin.
1349 2808 1450 2875 1115.
1470 2812 1521 2874 17.

453 2926 624 3003 praetereo
636 2915 678 2979 ed
690 2913 829 2979 litteram
840 2913 908 2979 fere
919 2913 999 2978 haec
1011 2936 1078 2979 vox
1086 2915 1214 2979 reddita
1225 2924 1273 2979 est
1282 2916 1371 3000 opud
1380 2915 1522 2989 Latinos,

451 3024 506 3109 qui
546 3020 828 3105 ,‚pereeptioeeuo“
868 3044 940 3086 eam
979 3031 1110 3087 vertunt
1147 3023 1329 3108 (percipere
1354 3050 1398 3081 =
1422 3047 1522 3088 κανα-

450 3124 648 3216 λαμβάνειν).
697 3129 737 3193 cf.
763 3128 832 3193 Cic.
856 3129 915 3193 Ac.
939 3129 987 3194 IV
1004 3131 1034 3195 l.
1081 3128 1192 3211 Quint.
1216 3130 1251 3193 Il
1271 3133 1322 3197 17.
1369 3129 1520 3194 Diomed.

451 3239 492 3303 de
514 3260 651 3323 gramm.
668 3236 702 3301 H
726 3235 883 3323 (Gramm.
908 3235 963 3300 lat.
987 3235 1063 3300 Keil
1085 3239 1099 3302 Ι
1122 3239 1209 3320 421).
1227 3273 1269 3284 -
1287 3231 1373 3303 κατὰ
1409 3236 1456 3304 ιὲν
1478 3235 1520 3303 τὰ

451 3342 657 3433 θεωρήματα
688 3345 772 3410 sod:
807 3343 847 3407 cf.
878 3341 968 3407 Sext
993 3343 1088 3429 Emp.
1117 3342 1235 3429 Pyrrh.
1265 3342 1342 3429 hyp.
1368 3344 1420 3407 Ill
1444 3347 1521 3411 188:

450 3450 512 3526 τὰς
534 3452 570 3517 δὲ·
592 3447 798 3539 καταλήψεις
821 3448 993 3537 γίγνεσθαι
1015 3450 1093 3537 περὶ
1112 3449 1150 3518 τὸ
1167 3445 1368 3539 ἡγεμονικόν.
1382 3488 1422 3498 -
1439 3444 1522 3517 ὥστε

452 3557 548 3649 φύσει
566 3560 650 3625 erl:
675 3579 738 3643 quo
760 3557 893 3623 consilio
913 3570 1021 3623 noster
1042 3556 1128 3622 hanc
1145 3557 1384 3623 conclusionem
1399 3558 1521 3640 inierit,

451 3675 600 3752 apertum
624 3675 686 3749 cst3
715 3666 750 3730 id
774 3666 861 3730 enim
884 3667 962 3751 agit,
986 3675 1023 3731 ut
1046 3667 1233 3750 conspirare
1256 3664 1372 3750 probet
1395 3665 1521 3731 Aristo·

452 3773 551 3839 telem
575 3783 607 3839 et
630 3771 757 3838 Stoicos
787 3795 852 3837 non
879 3771 982 3837 solum
1015 3774 1050 3836 in
1084 3795 1133 3854 co,
1168 3773 1255 3857 quod
1286 3772 1397 3837 doceri
1429 3794 1522 3858 posse
1596 3783 1599 3790 '

452 3880 652 3945 contendunt
674 3881 835 3959 virtutem,
860 3879 917 3944 sed
941 3881 1039 3945 otiam
1061 3881 1096 3943 in
1119 3900 1164 3956 eo,
1190 3880 1276 3965 quod
1292 3878 1407 3944 iisdem
1423 3879 1521 3944 rebus

451 4025 493 4035 —
519 3984 615 4077 φύσει
637 3986 710 4055 ἔθει
733 3984 819 4075 λόγῳ
843 4023 885 4035 -
909 3987 1041 4073 utrique
1065 4008 1137 4050 eum
1160 3985 1274 4051 dicunt
1296 3989 1414 4073 pareri.
1433 4024 1478 4033 -

405 4096 426 4160 3
539 4094 592 4159 De
621 4095 671 4160 his
698 4096 765 4159 iam
788 4093 928 4158 dilucide
959 4093 1139 4178 disputavit
1161 4093 1236 4158 Joh.
1261 4094 1339 4159 Frei
1365 4094 1400 4157 in
1428 4092 1522 4176 libro,

452 4201 537 4287 quod
580 4201 766 4266 inscribitur
807 4200 1047 4283 „Quaestiones
1089 4201 1331 4286 Protagoreae“
1372 4202 1522 4288 (Bonnae

451 4308 728 4394 Mucccxuv),
753 4310 809 4395 qui
824 4331 855 4395 p.
875 4310 936 4375 rso
961 4308 1063 4396 μέγαν
1079 4306 1175 4395 λόγον
1197 4308 1297 4373 tarem
1320 4308 1399 4375 uos
1423 4310 1522 4375 fuisse
