3825 5384
836 587 1059 655 ..43-

412 762 475 854 ἐγιδ
500 760 652 855 ζηλωτής,
676 763 732 831 καί
756 763 811 831 διδ
837 762 949 843 τέλους
971 759 1036 848 ἔχω
1061 758 1191 857 γναίμην
1214 764 1274 832 ἐπὶ
1297 764 1384 855 (τῇ)
1409 765 1488 854 τιμῇ

411 888 471 980 τὴν
494 888 700 978 πρέπουσαν.
747 887 782 955 τί
804 879 860 957 σύν
883 883 921 956 όν
945 890 1032 978 δρῶν
1055 882 1254 980 ἀμειβοίμην
1277 911 1314 955 σε
1328 886 1414 957 κατά
1429 888 1488 980 τὴν
1498 891 1542 957 34

413 1009 515 1105 ἀλλην
535 1012 687 1100 δύναμιν;
712 1008 792 1082 ἀλλο
815 1014 872 1099 (τι
888 1008 908 1105 ἢ
923 1011 978 1099 εί>
998 1012 1183 1105 χρησαίμην
1206 1018 1277 1093 τοῖς
1302 1019 1374 1094 σοῖς
1398 1005 1487 1105 ύπη-

412 1137 503 1219 κύοις
525 1130 595 1208 οἷον
618 1136 760 1229 ἑταίροις
781 1138 943 1226 <ίδίοις>;
969 1134 1035 1229 δρῶ
1056 1135 1117 1229 γάρ
1137 1137 1184 1219 είς
1204 1137 1271 1229 ἔριν
1288 1134 1487 1227 ἀντίρροπόν

386 1266 499 1351 κσε>
536 1261 775 1351 σαντεινόμενον
810 1265 889 1353 περὶ
924 1259 983 1353 τὴν
1019 1262 1132 1346 πόλιν,
1174 1256 1270 1345 ὅπως
1304 1264 1387 1355 καλὴ
1426 1264 1487 1350 μὲν

413 1381 579 1480 ἐξωθενῇ
602 1384 840 1477 διέόμορφίαν,
863 1385 961 1481 (καλὴ
982 1388 1148 1458 δ’ἔνδοθεν
1163 1384 1403 1476 διέύταξίαν>·
1431 1390 1488 1459 καὶ

412 1515 524 1602 εἰμὲν
547 1510 587 1605 δὴ
612 1510 747 1595 δυνατός
769 1506 818 1606 ἦν,
842 1510 880 1581 τό
908 1510 1093 1604 ἀμφότερον
1121 1508 1161 1581 ἀν
1188 1514 1397 1583 σινεποίουν·
1420 1518 1489 1584 νυνί

412 1642 457 1723 δι’,
483 1633 532 1721 οἷς
552 1640 613 1727 μὲν
635 1636 693 1732 τὴν
716 1640 809 1721 ἐκτός
832 1638 932 1709 πόλιν
955 1646 1097 1727 κοσμεῖς,
1119 1635 1235 1731 χρυσός
1249 1643 1307 1709 καί
1322 1640 1415 1710 λίθοι
1430 1642 1487 1709 καί

413 1766 519 1847 κίονές
540 1765 614 1848 εἶσι,
637 1763 814 1857 ποιήματα
835 1764 1021 1856 χρημάτων·
1047 1759 1097 1847 οἷς
1119 1766 1156 1834 δὲ
1178 1762 1235 1835 τόν
1257 1760 1347 1847 ἐντός
1364 1765 1489 1853 κόσμον

375 1917 401 1953 ¹0
414 1892 654 1983 ἑνδημαγωγεῖς
676 1896 715 1982 τῇ
741 1889 849 1973 πόλει,
873 1889 966 1980 λόγοι
989 1889 1080 1958 εἰσὶν.
1120 1892 1266 1958 ἐνταῦθα
1282 1886 1323 1983 δη
1339 1893 1542 1980 συμπρο-35

414 2015 620 2103 θυμούμενος
642 2016 698 2083 καί
715 2011 813 2097 αίτδς
829 2008 995 2108 ύποθήσω
1012 2010 1126 2105 λόγους
1140 2016 1198 2083 καί
1212 2014 1345 2097 τούτους
1359 2016 1489 2103 λαμβά-

414 2169 478 2212 νων
500 2142 536 2209 ἒκ
564 2147 631 2208 τῶν
659 2148 727 2208 σῶν
755 2140 957 2231 γραμμάτιον
989 2134 1101 2231 ὥσπερ
1123 2142 1159 2209 ἐκ
1185 2139 1354 2227 μετάλλων
1381 2148 1487 2209 τινοῖν.

413 2266 472 2337 καί
493 2264 642 2354 πρόσθεν
665 2266 703 2335 δέ
725 2292 759 2335 τι
782 2264 907 2335 τούτων
931 2269 1133 2352 διετελοῦμεν
1156 2268 1190 2335 ἓν
1215 2270 1296 2356 ιηῦδε
1317 2272 1364 2357 τῷ
1379 2266 1487 2357 χωρίῳ
1498 2273 1541 2338 36

415 2390 663 2482 συγγράφοντες,
688 2384 740 2460 ότι
762 2393 812 2461 δεῖ
836 2391 895 2483 την
917 2387 1017 2460 πόλιν
1041 2384 1140 2461 οὖσαν
1162 2390 1307 2484 μεγάλην
1330 2394 1387 2461 καὶ
1408 2392 1488 2480 μίαν

377 2540 402 2579 1⁶
416 2513 511 2587 εἶναι·
535 2516 599 2603 μία
622 2518 659 2585 δὲ
682 2515 783 2598 πόλις
806 2517 960 2608 γίγνεται,
991 2510 1070 2585 όταν
1091 2509 1112 2609 ᾗ
1133 2545 1167 2586 τι
1191 2518 1333 2607 θέατρον
1357 2513 1489 2607 ἀνθρά-

414 2670 489 2711 πιον
511 2649 577 2710 τιῦν
600 2637 811 2711 ἐνοικούντων
834 2644 1148 2734 δεδημιουργημένον
1170 2642 1419 2734 περιληπτικόν,
1443 2641 1490 2735 μή

414 2769 492 2837 ποτ’
520 2764 604 2837 εἶναι
634 2768 670 2836 δὲ
698 2767 924 2850 διαστατικόν,
954 2762 1027 2837 ἀλλ’
1055 2767 1089 2836 (ἓν
1111 2764 1194 2837 εἶναι
1217 2768 1275 2837 καὶ
1302 2776 1489 2858 συμφωνεῖν

415 2896 539 2981 μᾶλλον
553 2900 611 2963 τοῦ
625 2899 731 2983 χοροῦ.
762 2898 857 2982 χοροῦ
871 2895 932 2979 μὲν
948 2892 1009 2984 γάρ
1025 2889 1228 2984 ἀναρμοστία
1244 2901 1336 2963 ποιεῖ
1353 2896 1488 2982 γέλωτα,

417 3022 563 3087 πολιτῶν
595 3018 633 3086 δὲ
661 3010 864 3108 ἀναρμοστία
893 3025 988 3088 ποιεῖ
1020 3017 1153 3107 δάκρυα.
1205 3013 1334 3089 ὁπόταν
1366 3011 1420 3087 σύν
1451 3020 1541 3090 ιδ37

379 3165 404 3203 2⁰
415 3146 556 3233 θέατρον
579 3139 692 3235 ἀνοίγῃ
716 3141 811 3235 ἑορτή
833 3171 898 3226 τις,
926 3136 952 3211 ιό
976 3148 1130 3227 πολῖται,
1154 3136 1189 3212 εύ
1209 3140 1267 3235 χρὴ
1291 3143 1489 3234 γιγνιύσκειν,

416 3261 466 3339 ότι
490 3269 677 3351 καθόζεσθε
696 3261 788 3356 ύμεῖς
802 3271 863 3357 μὲν
880 3260 1038 3361 όρχηστάς
1052 3268 1261 3357 θεασόμενοι,
1285 3264 1303 3339 ό
1320 3262 1488 3361 δ’ἦγεμιόν,

415 3400 490 3475 πῶς
520 3392 700 3463 θεάσεσθε·
734 3390 839 3463 δεινόν
873 3394 933 3484 γάρ
966 3385 1054 3484 αύτῷ
1088 3397 1178 3463 δοκεῖ
1215 3390 1299 3463 εἶναι
1327 3395 1403 3477 τούς
1430 3398 1491 3482 μὲν

415 3516 634 3610 κιθαρῳδοός,
674 3518 710 3588 οἳ
742 3518 901 3610 πρότερον
937 3520 995 3611 τὴν
1032 3519 1131 3589 πόλιν
1164 3519 1348 3611 ἐπτόησαν,
1383 3519 1490 3589 πάλαι

415 3644 500 3712 ποτὲ
522 3646 730 3735 τεθνηκέναι,
753 3642 811 3738 τὴν
834 3646 1061 3726 δ’ἒπέ’κείνοις
1083 3636 1267 3735 ἀφροσύνην
1291 3646 1346 3735 ζῆν
1364 3644 1413 3713 ἔτι
1433 3646 1491 3712 καί

379 3788 404 3827 ⁹⁵
417 3769 491 3849 τούς
513 3764 577 3837 ἀπ’
600 3760 809 3860 Ἀλεξάνδρου
833 3776 890 3839 τοῦ
907 3760 1081 3857 Ἄμμωνος
1104 3765 1353 3855 ὠνομασμένους
1369 3770 1492 3859 χαίρειν

505 3967 520 4019 1
540 3968 574 4039 τῇ
593 3970 712 4021 inserui
766 3968 896 4021 3locum
909 3972 1046 4021 restituit
1058 3966 1146 4037 Keil]
1161 3961 1253 4027 ἀλλοις
1262 3962 1390 4039 χρήσιμα
1403 3960 1422 4019 ἀ
1434 3973 1493 4027 τοῖς

418 4060 477 4113 σοῖς
489 4048 621 4123 ὑπηκόοις
639 4049 700 4110 οἶον
720 4056 839 4127 ἑταίροις
859 4055 943 4111 codd.
999 4057 1017 4111 ὁ
1035 4073 1066 4109 σε
1086 4054 1196 4112 adieci:
1214 4061 1393 4111 συντείνοντα
1406 4056 1491 4111 codd.

418 4144 436 4198 6
454 4142 523 4212 καλὴ
544 4144 661 4218 (κοσμία
673 4146 757 4218 Keil)
779 4140 928 4199 δ’ἔνδοθεν
941 4140 1111 4205 διέύταξίαν
1124 4145 1221 4201 adieci
1275 4147 1309 4201 15
1323 4165 1349 4199 u
1363 4150 1494 4201 coniecit

417 4232 504 4303 Keil]
524 4229 556 4287 τὸ
577 4233 662 4290 codd.
718 4237 752 4291 16
770 4230 811 4307 μή
830 4234 966 4289 ποτέίναι
986 4238 1116 4289 coniecit
1134 4234 1221 4304 Keil]
1241 4230 1282 4308 μὴ
1300 4241 1393 4290 ποιεῖν
1406 4234 1492 4290 οοδδ.

420 4323 455 4375 22
473 4314 632 4377 ἐθεάσασθε
652 4322 736 4379 codd.
792 4325 827 4381 23
847 4318 989 4392 ἰπιὸησαν
1007 4324 1135 4395 conieci]
1156 4325 1294 4392 ἐποίησαν
1312 4324 1397 4380 codd.
