3825 5384
809 624 1031 689 -69-

391 796 436 884 ῶς
458 800 542 869 ἔοικε
565 798 696 889 ὕστερον
719 811 809 867 recte
832 802 1087 887 interpretandis
1111 803 1257 889 despero.
1302 803 1454 869 nonnulla

391 912 478 977 enim
506 910 667 975 excidisse
696 919 770 974 ante
794 909 875 973 haec
899 908 1002 974 verba
1025 909 1180 975 docemur
1202 910 1363 997 particula
1386 907 1456 1000 γὰρ,

390 1042 474 1106 quae
498 1040 563 1082 non
580 1015 690 1099 habet,
715 1038 777 1102 qno
793 1018 963 1082 referatur.
1002 1018 1156 1103 equidem
1171 1017 1259 1083 hunc
1275 1019 1309 1083 in
1324 1019 1456 1085 modum

388 1126 582 1191 sententiam
617 1123 806 1189 adumbrari
838 1147 931 1209 posse
962 1139 1058 1210 puto:
1091 1126 1212 1210 optime
1243 1125 1337 1196 Plato
1372 1127 1457 1193 dixit

388 1232 610 1319 Pythagoram
633 1230 898 1317 gratiosissimam
923 1232 1105 1317 exigendae
1120 1233 1281 1318 pecuniae
1296 1236 1457 1300 rationem

389 1341 602 1422 constituisse,
632 1360 706 1403 cum
729 1338 964 1425 discipulorum
987 1338 1132 1423 arbitrio,
1157 1349 1314 1427 quantum
1337 1341 1457 1407 vellent

387 1432 539 1535 pendere,
571 1448 783 1533 permitteret.
839 1446 973 1512 fuerunt
1004 1457 1130 1529 autem,
1170 1449 1226 1535 qui
1260 1450 1388 1513 crimini
1426 1450 1457 1514 ei

387 1565 560 1638 vorterent,
586 1554 673 1641 quod
695 1577 889 1641 permagnas
913 1554 976 1619 sibi
998 1562 1144 1640 parasset
1160 1555 1293 1621 divitias
1307 1555 1361 1637 (cf.
1380 1556 1457 1621 Frei

389 1686 419 1750 p.
447 1662 534 1747 166),
559 1685 632 1727 cum
656 1663 807 1749 quaestui
830 1661 967 1728 haberet
1000 1671 1104 1727 artem
1135 1662 1356 1749 sophisticam.
1399 1663 1458 1729 sed

388 1781 562 1855 nugantur,
596 1770 651 1856 qui
678 1768 756 1834 talia
784 1770 994 1836 contendunt.
1041 1780 1180 1855 apparet
1203 1771 1299 1852 enim,
1333 1793 1389 1835 eas
1411 1771 1456 1835 fa·

385 1879 486 1944 bellas
524 1876 674 1942 inferiore
706 1885 812 1941 aetate
850 1898 918 1940 esse
950 1875 1029 1940 ficta
1060 1879 1168 1959 (coito
1202 1873 1262 1966 γὰρ
1296 1869 1340 1957 (ὃς
1372 1876 1458 1946 ἔοικε

388 1979 562 2075 ἵστερον).“
603 1994 639 2049 ut
663 1985 727 2047 iarn
752 2007 850 2071 supra
874 1984 913 2049 de
929 1982 1131 2071 Protagorae
1146 1986 1348 2051 institutione
1365 1986 1399 2071 (ξ
1423 1987 1456 2072 3)

385 2097 476 2175 fecit,
508 2096 556 2158 ita
586 2091 649 2156 hoc
680 2090 750 2157 loco
780 2091 895 2156 falsam
930 2092 1067 2159 aliorum
1101 2094 1295 2159 sententiam
1328 2093 1454 2158 refutat.

385 2204 441 2270 sed
478 2201 542 2265 alia
572 2198 690 2263 lacuna
726 2200 849 2284 excipit
885 2199 991 2264 aliam.
1055 2222 1140 2287 quae
1172 2209 1351 2286 sequuntur
1385 2210 1457 2285 post

383 2303 516 2397 ὕστερον
544 2308 699 2372 sescentis
727 2306 830 2371 modis
860 2328 933 2371 cum
966 2306 1234 2373 antecedentibus
1266 2309 1454 2393 coniungas,

384 2417 471 2482 nullo
496 2438 592 2503 quem
616 2424 741 2478 certum
766 2413 957 2499 comprobes
980 2436 1058 2478 esse.
1097 2413 1132 2478 id
1152 2424 1261 2480 autem
1276 2415 1374 2481 Freio
1390 2438 1456 2480 non

387 2523 578 2605 concedam,
607 2522 694 2607 quod
719 2519 772 2585 ille
797 2543 839 2585 ox
862 2522 902 2585 iis
926 2521 1055 2607 collegit
1077 2532 1182 2587 morte
1207 2520 1455 2587 condemnatum

387 2656 459 2698 esse
482 2631 695 2716 Protagoram
719 2628 811 2713 (Frei
834 2652 863 2714 p.
882 2628 946 2714 76).
985 2630 1147 2695 nescimus
1168 2631 1268 2713 enim,
1294 2632 1454 2718 quomodo

385 2736 587 2804 restituenda
615 2738 680 2801 sint
708 2735 821 2818 verba,
850 2758 934 2821 quae
963 2747 1035 2822 post
1059 2732 1157 2805 αὐτὸν
1181 2738 1386 2818 exciderunt,
1410 2762 1454 2803 ox

384 2847 493 2933 iisque,
517 2866 600 2931 quae
617 2852 741 2925 extant,
766 2842 847 2907 nihil
862 2842 951 2908 aliud
969 2845 1116 2929 sequitur
1130 2846 1193 2909 nisi
1208 2855 1244 2909 ut
1258 2846 1454 2932 Protagoras

384 2953 426 3019 ab
441 2950 580 3016 Euathlo
603 2961 773 3016 accusatus
796 2951 845 3015 sit.
885 2962 1056 3036 praeterea
1077 2975 1143 3017 non
1164 2952 1265 3017 solum
1287 2976 1453 3036 accusare,

384 3061 442 3127 sed
480 3061 576 3124 etiam
616 3080 771 3123 exercere
810 3057 862 3122 vel
897 3080 1021 3123 vexare
1065 3060 1205 3145 aliquem
1249 3082 1321 3124 cum
1361 3073 1454 3125 sonet

384 3171 607 3257 συκοφαντεῖν,
631 3166 666 3230 in
682 3166 817 3230 dubium
833 3166 931 3231 otiam
948 3168 1050 3248 venit,
1073 3177 1181 3230 utrum
1198 3166 1239 3231 de
1255 3166 1452 3253 Protagorae

383 3275 652 3341 condemnatione
675 3284 945 3338 commemoretur
968 3297 1011 3338 an
1034 3273 1075 3338 dc
1097 3273 1154 3339 lite
1177 3276 1212 3338 in
1233 3273 1349 3359 vulgus
1366 3284 1452 3357 nota,

383 3405 481 3469 quam
515 3381 546 3446 ei
574 3382 793 3446 intercessisse
821 3403 894 3445 cum
918 3380 1059 3446 Euathlo
1086 3381 1184 3467 Diog.
1208 3381 1317 3445 Laert.
1343 3392 1454 3445 narrat

382 3491 416 3554 in
453 3489 518 3552 fine
554 3488 640 3553 vitae
675 3487 884 3573 Protagorae.
939 3489 986 3552 sic
1030 3488 1118 3552 enim
1160 3489 1187 3553 si
1218 3489 1451 3574 interpreteris,

384 3597 486 3661 artius
510 3618 549 3660 ea
573 3618 647 3659 cum
671 3594 941 3660 antecedentibus
957 3604 1092 3681 possunt
1108 3594 1267 3678 connecti,
1292 3617 1365 3659 cum
1380 3598 1452 3681 ipsa

384 3725 514 3791 quoque
527 3702 591 3766 sint
604 3702 644 3767 de
657 3702 817 3768 mercede.
843 3725 906 3788 quo
918 3700 1056 3787 probato
1069 3703 1166 3767 ctiam
1176 3695 1248 3768 εἶτα
1258 3702 1452 3788 particulam

382 3812 429 3876 ita
443 3810 578 3875 fortasse
595 3809 761 3895 explicare
776 3809 860 3891 licet,
885 3819 921 3875 ut
937 3809 1034 3874 aliam
1051 3808 1092 3875 de
1104 3810 1283 3896 Protagora
1298 3808 1451 3874 fabellam

384 3917 572 3983 adiunctam
595 3916 694 3981 fuisse
717 3927 896 3982 statuamus
921 3938 1058 4003 eamque
1074 3939 1177 4003 aeque
1192 3918 1337 4001 ineptam
1354 3926 1451 4001 atque

383 4035 430 4090 est
439 4023 494 4088 illa
504 4024 544 4088 de
554 4024 677 4089 divitiis
686 4023 770 4089 male
780 4026 892 4110 partis,
903 4046 1001 4110 quam
1012 4033 1120 4089 orator
1129 4024 1224 4088 modo
1232 4022 1451 4107 redarguit.—
