3825 5384
859 617 1080 681 ..34-

433 790 595 860 nonnullis
617 792 687 856 eius
709 790 789 855 locis
812 800 924 876 aperte
947 790 1129 878 appelletur
1144 791 1212 856 dux
1228 791 1345 878 aliquis
1362 791 1417 875 (cf.
1434 797 1505 872 τοῖς

434 904 506 981 σοῖς
535 890 698 989 ὑπηκόοις
721 900 819 983 §aa
852 893 871 965 ὁ
894 898 923 965 δ’
940 894 1071 989 ηγεμιόν
1094 900 1184 983 §aa
1215 904 1255 989 τῇ
1278 900 1314 966 δὲ
1339 897 1398 965 καὶ
1422 895 1506 988 πρὸς

380 1007 383 1011 ’
433 1001 509 1087 τούς
538 998 606 1073 ὑπό
638 1006 690 1073 σοι
724 1006 824 1091 ξ40)
848 1016 880 1069 et
902 1006 1125 1071 Alexandriae
1148 1006 1352 1092 praefectum
1373 1005 1505 1093 Aegyp·

432 1115 514 1181 tium
538 1113 647 1180 sedem
667 1111 819 1178 habuisse
837 1124 973 1196 constet,
997 1112 1134 1178 dubium
1149 1134 1216 1178 nou
1236 1108 1295 1196 eit,
1321 1114 1401 1200 quin
1417 1114 1505 1199 apud

433 1221 525 1287 illum
544 1221 586 1285 sit
602 1220 702 1304 dicta3
729 1242 823 1306 quem
847 1220 955 1305 ipsum
978 1221 1058 1286 artis
1082 1219 1213 1285 dicendi
1235 1220 1505 1310 studiosissimum

434 1328 532 1395 fuisse
555 1326 635 1391 milri
655 1328 789 1393 videtur
811 1349 969 1413 apparere
991 1350 1034 1391 ex
1056 1327 1107 1392 his
1130 1328 1285 1393 orationis
1307 1327 1400 1394 locis:
1426 1328 1506 1412 §34

435 1427 485 1517 οἷς
507 1434 543 1501 δὲ
566 1430 622 1503 τὸν
645 1429 734 1513 ἐντὸς
756 1431 879 1518 κόσμον
903 1435 1145 1523 ἕνδημαγαιγοῖς
1166 1439 1207 1524 τῇ
1232 1431 1344 1515 πόλει,
1378 1432 1504 1522 λόγοι

435 1540 526 1623 εἰσίν,
551 1543 625 1624 §35
642 1594 649 1608 .
667 1592 675 1608 .
693 1592 727 1607 ..
751 1538 929 1627 λαμβάνων
951 1542 989 1608 ἐκ
1011 1547 1075 1608 τῶν
1098 1547 1173 1609 σῶν
1195 1534 1404 1630 γραμμάτιον,
1429 1543 1504 1626 §40

434 1653 546 1729 caira,
570 1635 592 1716 d
620 1648 658 1716 σὺ
682 1646 788 1736 ἔλεγες
810 1645 967 1739 γράφων
989 1648 1046 1715 καὶ
1069 1646 1214 1737 σπείρων
1236 1648 1284 1728 εἰς
1306 1647 1344 1715 τὸ
1369 1651 1505 1739 πλῆθος

434 1766 466 1822 et
515 1748 645 1846 ἡγεμών
695 1760 771 1823 τοῦ
825 1752 965 1843 λόγου.
1035 1757 1119 1821 inter
1164 1755 1346 1842 praefectos
1394 1766 1505 1821 autem

432 1861 585 1949 Aegypti,
611 1864 667 1950 qui
690 1863 823 1949 quidem
842 1862 964 1928 fuerint
984 1874 1061 1929 ante
1075 1863 1218 1929 Herodis
1233 1862 1337 1930 Attici
1353 1871 1504 1946 aetatem,

433 1972 553 2057 optime
577 1992 626 2051 ea,
653 1991 737 2057 quae
761 1970 842 2035 dicit
865 1978 984 2063 orator,
1008 1971 1171 2057 quadrant
1193 1969 1237 2035 ad
1252 1969 1290 2035 0.
1306 1968 1505 2035 Avidium

432 2077 719 2161 Heliodorum,
753 2078 793 2143 de
827 2099 891 2164 quo
924 2076 1012 2164 apud
1044 2077 1174 2143 Aelium
1198 2076 1398 2164 Spartiatam
1431 2077 1502 2164 (vit

432 2186 535 2251 Hadr.
559 2184 642 2249 XVI
668 2184 722 2269 10)
750 2184 831 2249 haec
852 2184 1005 2271 legimus:
1035 2184 1091 2250 «ia
1114 2206 1247 2251 samma
1269 2183 1504 2268 familiaritate

432 2292 620 2378 Epictetum
649 2297 679 2357 et
706 2291 965 2358 Heliodorum
988 2290 1249 2376 philosophos
1273 2345 1280 2359 .
1302 2346 1309 2359 .
1331 2346 1337 2359 .
1359 2346 1366 2359 .
1387 2289 1506 2357 aaoaa

432 2400 501 2486 (scl.
526 2400 757 2482 Hadrianusls.
809 2401 888 2486 quin
921 2401 1019 2465 etiam
1053 2423 1128 2466 eum
1159 2400 1260 2465 solam
1292 2409 1424 2486 propter
1456 2399 1503 2464 di·

433 2508 527 2576 cendi
549 2507 737 2573 facultatem
759 2507 916 2593 Aegypto
947 2508 1047 2572 fuisse
1078 2508 1297 2594 praefectum,
1330 2507 1396 2572 Dio
1428 2528 1507 2572 eom·

432 2616 537 2683 tendit
559 2617 594 2680 in
618 2614 775 2701 epitomes
797 2614 912 2679 LXXI
928 2637 1000 2700 cap.
1019 2618 1076 2681 22:
1106 2642 1132 2680 ι.
1151 2668 1158 2681 .
1177 2606 1220 2681 ,ὁ
1244 2615 1280 2681 δὲ
1303 2610 1342 2704 δη
1360 2611 1504 2693 Κάσσιος

435 2720 533 2812 Σύρος
563 2722 623 2807 μὲν
656 2722 692 2788 ἑκ
723 2725 783 2811 τῆς
806 2719 933 2809 Κύῤῥοο
965 2713 1016 2813 ἦν,
1049 2716 1130 2813 ἀνὴρ
1161 2723 1190 2789 d'
1215 2711 1345 2810 dotoaog
1377 2721 1511 2809 ἐγένετο.

434 2878 543 2895 .....
561 2824 649 2919 πλὴν
668 2829 749 2896 καθ’
762 2821 838 2897 ὅσον
853 2820 1054 2918 Ἡλιοδώρου
1077 2827 1165 2909 τινὸς
1187 2819 1368 2918 ἇγαπητιῦς
1390 2828 1424 2908 ἐς
1445 2822 1504 2918 την

432 2942 491 3029 τῆς
521 2933 700 3023 Αἰγύπτου
732 2930 906 3027 ἡγεμονίαν
938 2936 983 3016 ἐξ
1015 2934 1244 3023 ἐμπειρίας
1277 2940 1504 3026 ῥητορικῆς

431 3041 701 3134 προχωρησαντος
727 3034 797 3122 daig
821 3032 895 3132 ην».
943 3043 1084 3126 accedit,
1111 3043 1199 3130 quod
1221 3044 1338 3108 intima
1360 3042 1504 3107 amicitia

433 3174 505 3217 eum
530 3173 604 3216 cum
627 3150 772 3215 Aristide
796 3150 925 3215 rhetore
948 3151 1157 3215 coniunctum
1181 3150 1282 3216 fuisse
1305 3154 1424 3215 scimus
1447 3148 1500 3232 (cf.

431 3259 468 3323 P.
491 3258 615 3344 Meyer,
647 3256 759 3321 Herm.
788 3258 871 3324 1897
896 3256 1034 3322 XXXII
1062 3258 1151 3346 220).
1204 3258 1359 3344 quamdiu
1392 3267 1504 3323 autem

432 3366 590 3453 praefecti
612 3363 760 3451 Aegypti
783 3385 917 3429 munere
942 3365 984 3428 sit
1010 3364 1154 3447 functus,
1183 3387 1304 3450 magna
1330 3361 1504 3429 divinandi

432 3472 611 3558 sagacitate
643 3483 675 3536 et
706 3470 849 3537 sollertia
876 3471 1073 3557 disceptavit
1095 3471 1132 3535 P.
1157 3472 1272 3558 Meyer
1293 3471 1314 3536 l.
1339 3470 1360 3536 l.
1386 3492 1502 3557 cogno·
1609 3470 1616 3479 '

433 3582 544 3667 vitque
564 3578 722 3644 Avidium
745 3579 791 3644 ab
816 3600 913 3643 anno
939 3581 1004 3646 138
1027 3579 1073 3643 ad
1098 3601 1237 3644 annum
1262 3581 1325 3647 148
1349 3576 1502 3665 Aegypto

433 3688 531 3753 fuisse
549 3686 764 3771 praefectum:
789 3686 904 3750 intra
928 3686 1006 3751 duo
1030 3687 1130 3772 igitur
1153 3686 1254 3751 haec
1277 3685 1413 3751 lustra
1434 3706 1502 3748 no-

432 3816 546 3861 cesse
580 3803 640 3858 est
672 3794 918 3879 conscripta
951 3794 1006 3858 sit
1042 3792 1306 3888 declamatio.
1358 3805 1391 3857 et
1422 3790 1502 3856 haec

434 3898 567 3989 quidem
590 3901 631 3966 de
656 3900 901 3966 declamationis
924 3909 1041 3966 aetate.

519 4008 572 4073 De
588 4010 670 4094 ipso
686 4018 797 4073 autem
812 4005 989 4093 sophista
1003 4005 1085 4072 haee
1098 4007 1167 4073 fere
1177 4031 1220 4073 ex
1230 4009 1423 4094 fragmentis
1432 4008 1503 4073 erui

434 4116 653 4204 pereuntium
663 4124 738 4180 ante
749 4115 835 4180 hanc
846 4115 1117 4180 declamationem
1126 4113 1502 4182 habitamAlexandriae

436 4223 526 4310 degit
538 4223 650 4309 ibique
663 4223 824 4287 orationes
836 4221 962 4303 habuit,
980 4244 1117 4308 quarum
1132 4231 1325 4306 argumenta
1337 4243 1380 4286 ex
1391 4221 1501 4287 Helio·

432 4331 503 4397 dori
530 4330 659 4415 scriptis
688 4330 740 4396 vel
764 4329 879 4395 edictis
910 4330 1164 4415 deprompserat3
1197 4330 1378 4395 afferuntur
1401 4327 1500 4395 duae:
