3825 5384
913 583 1135 647 ..12-

488 756 612 823 familia
639 757 743 823 altera
776 758 870 823 alteri
901 760 949 823 ita
980 768 1140 845 praestet,
1172 768 1208 823 ut
1238 780 1293 823 eos
1319 768 1487 845 tamquam
1514 760 1562 823 in·

488 872 655 951 corruptos
679 860 775 931 testes
792 864 966 932 verborum
982 867 1158 931 memoriae
1177 868 1269 953 sequi
1292 865 1401 950 liceat,
1423 868 1469 930 ita
1491 888 1561 930 rem

488 972 634 1037 criticam
661 971 903 1056 administravi,
930 983 968 1038 ut
991 994 1047 1038 eas
1069 972 1227 1039 lectiones
1249 996 1309 1059 pro
1332 974 1483 1059 genuinis
1504 972 1560 1037 ha-

486 1080 608 1163 berem,
632 1102 770 1167 quarum
793 1081 947 1145 memoria
971 1079 1125 1145 concordi
1147 1079 1305 1145 librorum
1326 1080 1511 1146 omniumP
1527 1088 1561 1145 et

390 1193 391 1205 ¹
477 1187 515 1251 :L
531 1210 553 1252 v
575 1186 758 1253 testimonio
781 1188 906 1269 nititur,
935 1186 1199 1273 discrepantibus
1223 1210 1303 1254 vero
1326 1186 1418 1252 libris
1440 1186 1560 1252 nullius

487 1294 673 1360 auctoritati
694 1316 746 1359 me
769 1293 893 1377 darem,
916 1293 974 1358 sed
997 1293 1152 1359 eclectica
1175 1317 1274 1380 quam
1299 1293 1412 1361 dicunt
1435 1295 1559 1361 ratione

486 1410 605 1467 uterer.

658 1840 1110 1967 decrementorum
1144 1869 1381 1966 eructuante.

573 2044 784 2131 Fragmenta,
799 2044 916 2135 quibus
927 2044 1064 2112 Cramer
1073 2045 1239 2131 inscripsit
1251 2046 1329 2134 περὶ
1339 2036 1554 2130 Ἱππομάχου,

484 2174 526 2216 ex
550 2151 676 2217 duabus
698 2151 846 2237 partibus
869 2162 1016 2219 constare
1033 2175 1140 2219 nemo
1164 2176 1230 2218 non
1257 2163 1447 2239 cognoscet3
1477 2152 1555 2217 alte-

484 2282 554 2324 ram
585 2260 690 2345 primo
722 2258 838 2325 obtutu
869 2261 1021 2325 conicere
1054 2258 1131 2324 licet
1170 2258 1441 2325 declamationem
1477 2281 1557 2339 esse,

484 2366 586 2431 altera
613 2377 724 2432 notam
752 2377 982 2453 excerptorum
1005 2353 1122 2431 iterata
1150 2358 1203 2434 dra
1230 2367 1392 2453 particula
1418 2389 1554 2453 praese

482 2474 554 2540 fert.
600 2474 658 2539 sed
686 2497 727 2540 ne
753 2474 810 2539 illa
837 2474 970 2563 quidem
993 2476 1121 2560 integra
1144 2472 1237 2539 nobis
1261 2474 1383 2539 tradita
1406 2483 1468 2559 est3
1499 2497 1554 2538 ne-

484 2605 546 2669 que
562 2582 649 2647 enim
664 2582 766 2657 verba
781 2580 883 2647 solum
900 2581 1143 2667 depravationis
1160 2580 1311 2647 sordibus
1326 2590 1401 2646 sunt
1415 2580 1553 2657 foedata,

482 2690 539 2754 sed
563 2690 660 2754 etiam
684 2699 716 2753 et
737 2690 867 2755 initium
891 2699 924 2755 et
943 2690 1017 2754 finis
1034 2689 1188 2754 orationis
1203 2688 1318 2753 mutila
1333 2697 1456 2754 extant
1494 2689 1554 2753 ini·

480 2788 562 2862 tium
590 2798 677 2861 enim
707 2797 837 2862 omnino
866 2797 978 2863 deesse
1007 2818 1045 2862 eo
1074 2796 1246 2882 probatur,
1277 2796 1365 2883 quod
1390 2818 1465 2861 cum
1486 2798 1552 2860 iam

481 2915 578 2969 antea
601 2925 635 2969 se
650 2904 832 2969 Homerum
856 2906 972 2969 citasse
995 2904 1186 2990 profiteatur
1212 2913 1322 2968 orator
1344 2926 1426 2989 voce
1450 2896 1554 2970 πάλιν

481 3017 501 3094 5
517 3016 549 3095 4,
572 3019 734 3098 nusquam
749 3011 783 3075 in
799 3010 1068 3103 antecedentibus
1083 3011 1222 3076 Homeri
1239 3009 1415 3077 laudantur
1429 3015 1552 3076 versus.

479 3129 650 3206 praeterea
672 3121 691 3201 ᾗ
715 3121 756 3184 41
782 3141 816 3183 se
848 3118 1005 3205 reliquam
1038 3119 1218 3185 orationem
1252 3118 1301 3183 ita
1327 3139 1397 3182 esse
1425 3118 1552 3182 institu-

478 3236 588 3291 turum
605 3226 694 3309 dicit,
718 3236 755 3291 ut
770 3227 911 3313 primum
927 3225 1006 3313 περὶ
1022 3219 1175 3313 ὅρχοντος
1191 3225 1294 3291 verba
1309 3224 1416 3306 faciat,
1434 3223 1552 3289 deinde

480 3332 559 3421 περὶ
582 3328 782 3422 ἇρχομένων;
807 3356 945 3420 quarum
969 3335 1111 3419 partium
1135 3332 1269 3398 alterius
1301 3330 1380 3418 περὶ
1402 3319 1553 3420 ἕρχοντος

479 3449 570 3507 extat
592 3441 732 3523 initium,
756 3441 860 3507 altera
882 3440 962 3528 περὶ
990 3434 1177 3527 ἀρχομένων
1205 3448 1275 3504 tota
1298 3438 1470 3524 deperdita
1492 3448 1550 3504 est.

478 3548 617 3632 accedit,
633 3548 720 3636 quod
734 3549 804 3635 ipsa
819 3548 975 3614 orationis
991 3547 1192 3613 continuatio
1209 3546 1459 3632 interrumpitur
1472 3544 1551 3610 locis

478 3657 640 3741 excerptis
665 3695 706 3715 -r-
731 3656 878 3721 conferas
902 3658 944 3738 ἕξ
961 3657 1060 3723 3839
1078 3693 1118 3703 -
1137 3653 1302 3741 talemque
1318 3652 1551 3718 obscuritatem

476 3762 640 3828 interdum
664 3761 867 3849 corruptelae
890 3764 921 3827 ei
944 3761 1124 3843 offundunt,
1149 3760 1282 3847 qualem
1298 3760 1357 3825 vix
1378 3782 1548 3845 possumus

478 3870 639 3937 disiicere.
686 3870 727 3935 cf.
753 3872 793 3953 ἐξ
816 3871 847 3937 5.
870 3873 922 3937 32.
946 3873 1001 3937 40.
1179 3899 1194 3945 t

565 3980 637 4043 Iam
660 3979 688 4043 si
711 3979 908 4065 quaerimus,
942 3975 1029 4064 quod
1061 3977 1103 4042 sit
1136 3976 1291 4042 orationis
1323 3981 1550 4061 argumentum

477 4099 508 4153 et
533 4108 685 4173 quorsum
708 4108 748 4149 ea
770 4094 903 4172 spectet,
926 4086 960 4150 in
980 4083 1191 4172 sequentibus
1206 4084 1320 4171 paucis
1335 4079 1547 4147 adumbrabo.

476 4196 617 4282 primum
641 4193 798 4259 disserere
826 4193 975 4258 videmus
998 4202 1161 4259 oratorem
1187 4191 1228 4258 de
1261 4188 1447 4277 appetenda
1468 4209 1549 4253 vera

476 4302 692 4385 beatitudine3
716 4300 881 4365 neminem
904 4300 950 4365 ait
971 4298 1105 4388 beatum
1127 4322 1222 4386 posse
1245 4299 1328 4381 fieri,
1353 4297 1434 4383 quin
1454 4294 1546 4377 sciat,
