3825 5384
727 636 1030 703 ·-15-

383 813 454 879 silio
470 813 553 879 liber
569 814 771 900 conscriptus
787 814 839 896 sit,
855 814 942 879 unde
963 813 1045 879 haec
1060 813 1246 900 fragmenta
1261 814 1455 899 deprompta

385 930 468 987 sunt
515 922 658 987 maxime
681 921 840 987 intererat
863 922 1014 1005 auctoris,
1037 932 1073 987 ut
1097 944 1189 987 suam
1213 921 1455 987 commendaret

384 1028 597 1114 disciplinam.
660 1028 900 1112 adversarium,
944 1029 1002 1114 qui
1045 1038 1237 1114 aspernetur
1274 1028 1455 1093 litterarum

383 1135 564 1218 scientiam,
589 1135 855 1221 splendidissimis
870 1134 1297 1222 veterumvphilosophorum
1320 1134 1455 1201 nomini·

382 1243 445 1308 bus
476 1252 604 1308 tantum
636 1265 702 1307 non
734 1242 859 1326 obruit;
897 1265 975 1307 nam
1011 1244 1047 1308 in
1078 1244 1192 1329 paucis
1224 1242 1273 1307 his
1305 1242 1454 1307 versibus

384 1351 539 1415 citantur:
561 1348 753 1414 Aristoteles
776 1349 836 1432 bis,
865 1349 1090 1435 Empedocles,
1119 1350 1231 1431 Stoici,
1259 1350 1455 1435 Protagoras

383 1457 446 1539 bis,
480 1456 656 1543 Epicurus,
689 1456 906 1543 Pythagoras,
940 1456 1173 1541 Aristoxenus,
1204 1456 1314 1539 Plato;
1347 1478 1454 1543 neque

385 1564 561 1651 acquiescit
583 1565 618 1629 in
643 1564 817 1629 afferendis
842 1587 954 1630 eorum
972 1565 1169 1647 nominibus,
1193 1556 1251 1632 sed
1272 1563 1455 1629 litterarum

384 1671 603 1757 cognitionem
615 1671 661 1736 ita
673 1672 782 1748 iactat,
798 1682 835 1737 ut
847 1672 1030 1758 singulares
1045 1671 1204 1737 librorum
1218 1671 1328 1737 titulos
1343 1670 1456 1736 laudet

385 1779 427 1845 cf.
452 1782 471 1861 ξ
490 1782 506 1844 1
531 1776 630 1845 Arist.
654 1774 794 1868 φυσικὴν
818 1768 984 1866 duodecin,
1009 1783 1029 1861 ἓ
1046 1782 1066 1846 3
1084 1780 1214 1865 Protag.
1229 1779 1333 1868 μέγαν
1347 1776 1453 1867 λόγον.

472 1885 689 1951 immodicum
704 1896 815 1951 autem
830 1885 891 1951 hoc
914 1888 1041 1951 citandi
1063 1886 1206 1951 studium
1230 1887 1365 1951 maximi
1387 1908 1455 1951 mo·

384 1995 485 2058 menti
517 2001 567 2059 est
599 1992 641 2057 ad
668 1992 928 2079 perspiciendam
955 1994 1127 2075 rationem,
1160 2016 1244 2079 quae
1275 1995 1359 2057 inter
1392 1992 1455 2057 duo

384 2099 467 2165 haec
490 2100 645 2185 opuscula
663 2100 848 2165 intercedit.
887 2101 933 2165 ab
958 2100 1091 2168 eodem
1114 2103 1214 2167 enim
1237 2102 1322 2167 viro
1346 2099 1456 2165 ambo

384 2229 468 2274 esse
492 2208 720 2294 compo-sita,
744 2206 856 2273 Bruno
879 2208 956 2274 Keil
980 2208 1059 2272 mihi
1081 2209 1252 2295 persuasit,
1276 2206 1455 2273 rationibus

383 2337 475 2399 usus,
503 2337 588 2403 quas.
607 2315 672 2379 iam
697 2314 879 2401 explicabo.
927 2325 1024 2402 atque
1047 2317 1189 2402 primum
1212 2315 1344 2402 quidem
1366 2336 1453 2396 eum,

385 2424 441 2508 qui
465 2416 709 2509 προτρεπτικὸν
732 2424 938 2509 conscripsit,
962 2423 1078 2488 eodem
1100 2422 1179 2489 ferri
1202 2422 1308 2488 studio
1331 2421 1456 2488 citandi

384 2532 501 2615 negari
515 2553 581 2595 non
595 2537 717 2616 potest;
741 2529 933 2595 adferuntur
949 2532 1035 2595 enim
1051 2531 1214 2596 Homerus
1229 2531 1280 2596 bis
1296 2534 1351 2612 (ἐξ
1364 2533 1394 2595 4.
1407 2532 1453 2613 5),

384 2637 618 2703 Demosthenes
634 2638 683 2702 bis
697 2638 753 2718 (cf.
769 2649 940 2703 comment.
956 2637 999 2703 ad
1014 2640 1055 2725 ἐξ
1070 2642 1101 2706 6.
1114 2638 1160 2723 8),
1176 2637 1358 2704 Simonides
1375 2636 1455 2701 Pho-

386 2742 509 2831 cylides
521 2747 539 2829 ᾗ
550 2748 580 2820 l,
591 2742 685 2811 Plato
696 2744 905 2829 philosophus
917 2744 1301 2830 (cf.comment.ad§13)
1313 2754 1345 2811 ct
1357 2746 1454 2833 comi-

384 2873 440 2916 cus
453 2856 472 2933 ἓ
487 2856 539 2934 13,
556 2852 720 2917 Hesiodus
732 2850 787 2939 (cf.
802 2862 973 2918 comment.
987 2853 1030 2917 ad
1042 2857 1062 2934 ἓ
1075 2856 1144 2937 26);
1162 2851 1324 2917 accedunt
1335 2850 1456 2939 apoph-

382 2957 551 3044 thegmata
566 2971 599 3024 et
614 2960 887 3042 narratiunculae,
908 2983 989 3047 quas
1005 2983 1070 3026 non
1085 2982 1209 3047 paucas
1225 2960 1362 3025 orationi
1377 2982 1455 3024 suae

384 3075 497 3130 auctor
511 3066 647 3131 inseruit
663 3066 717 3153 (cf.
730 3078 800 3153 cap'.
817 3067 867 3133 llI
880 3067 954 3150 Bb).
996 3067 1083 3153 quod
1099 3090 1179 3133 vero
1195 3066 1259 3132 alia
1275 3067 1454 3153 deprehen·

384 3173 472 3237 ditur
495 3173 619 3238 citandi
646 3174 729 3239 ratio
758 3176 792 3239 in
820 3185 913 3260 parte
935 3173 978 3258 A,
1002 3174 1067 3239 alia
1093 3177 1128 3239 in
1155 3184 1249 3261 parte
1271 3174 1311 3258 B,
1335 3176 1455 3240 miran-

386 3279 465 3344 dum
488 3302 553 3345 non
576 3289 640 3363 est3
664 3280 750 3345 illius
774 3283 860 3347 enim
884 3305 969 3370 quae
994 3291 1079 3365 sunt,
1103 3284 1138 3346 in
1161 3283 1454 3347 demonstrativum

384 3409 487 3473 genus
521 3387 654 3454 dicendi
687 3388 821 3473 cadunt;
859 3412 943 3477 quae
977 3389 1072 3454 huius
1078 3438 1087 3471 ,
1121 3399 1277 3476 excerpta
1309 3398 1384 3454 sunt
1413 3411 1457 3453 ex

386 3495 560 3581 scriptione
584 3497 725 3582 quadam
748 3496 970 3582 philosophica
994 3496 1047 3561 vel
1069 3496 1231 3580 technica,
1256 3520 1321 3584 qua
1344 3505 1456 3561 auctor

385 3623 450 3666 non
474 3601 516 3666 ad
538 3603 657 3689 vulgus
682 3605 761 3668 artis
784 3605 931 3669 nescium
954 3627 989 3669 se
1014 3603 1237 3687 convertebat,
1262 3605 1319 3670 sed
1342 3613 1455 3668 contra

385 3708 530 3775 aemulos
545 3732 619 3775 suos
635 3711 670 3774 in
685 3719 755 3776 arte
767 3711 935 3797 pugnabat
950 3712 986 3776 in
998 3734 1115 3798 eosque
1129 3712 1278 3777 omnibus
1290 3711 1456 3777 doctrinae

386 3826 419 3881 et
441 3816 596 3882 scientiae
616 3818 710 3905 quasi
725 3819 934 3883 armamentis
949 3820 1128 3884 instructus
1143 3818 1318 3885 invehitur.
1365 3840 1456 3904 prae

383 3935 483 4005 terea,
506 3922 541 3987 id
565 3924 739 4011 quodiam
767 3948 865 4012 supra
888 3925 1197 4009 demonstravimus,
1219 3925 1247 3991 is
1270 3926 1326 4013 qui
1350 3924 1456 3991 decla·

383 4032 561 4097 mationem
584 4033 794 4119 conscripsit,
824 4032 929 4098 eidem
956 4034 1020 4119 ipsi
1048 4034 1245 4120 suffragatur
1267 4033 1454 4115 sententiae,

384 4160 467 4227 quae
489 4138 532 4204 ab
557 4149 689 4205 auctore
711 4141 813 4227 partis
836 4140 864 4204 B
888 4143 1075 4206 accuratius
1102 4163 1142 4207 ac
1170 4139 1330 4205 literatius
1357 4161 1456 4204 excu-

383 4245 478 4329 titur;
516 4268 591 4313 nam
623 4246 677 4313 ille
709 4270 838 4335 quoque
871 4258 939 4314 tota
972 4247 1206 4314 declamatione
1237 4246 1272 4313 id
1305 4248 1388 4334 agit,
1421 4255 1456 4311 ut

386 4351 502 4419 doceat
533 4352 773 4421 Alexandrinos
805 4356 959 4421 virtutem
986 4356 1042 4442 (cf.
1065 4379 1095 4442 p.
1120 4357 1187 4443 13).
1235 4337 1336 4442 quid?
1368 4354 1456 4443 quod
