3825 5384
820 622 1018 685 ..7-

500 800 668 879 exeuntis,
708 798 954 884 diligentissime
993 807 1155 863 exaratus.
1211 808 1337 865 constat
1368 797 1452 864 foliis

500 907 610 991 script.
636 908 710 972 339.
758 904 799 973 τὰ
823 904 900 991 περὶ
923 896 1128 989 Ἱππομάχου
1158 906 1235 971 inde
1267 928 1288 971 a
1318 928 1350 991 p.
1375 908 1451 973 342.

500 1016 630 1101 scripsit
661 1014 749 1078 hunc
781 1012 927 1077 codicem
950 1011 1024 1078 Joh.
1048 1012 1174 1077 Rhosus
1202 1023 1286 1078 teste
1307 1012 1452 1079 Vitellio.

499 1118 639 1186 rubricis
666 1120 785 1185 litteris
813 1120 1012 1205 singularum
1034 1121 1179 1205 partium
1201 1121 1295 1185 initia
1317 1131 1452 1185 exarata

502 1239 585 1295 sunt.
631 1230 666 1293 in
689 1228 823 1293 alterius
846 1228 948 1313 partis
964 1228 992 1290 B
1009 1228 1156 1313 margine
1172 1238 1265 1292 notas
1280 1227 1452 1313 adscripsit

499 1336 600 1402 lector
623 1335 740 1423 aliquis
764 1335 895 1401 codicis.
943 1334 984 1398 of.
1007 1357 1119 1420 appar.
1145 1336 1215 1400 crit.

383 1442 489 1507 V1=
505 1444 722 1508 Vaticanus
746 1445 812 1509 954
836 1453 868 1508 et

383 1550 720 1617 V2=Vaticanus
743 1552 819 1617 955.
843 1589 889 1599 -
912 1548 1056 1615 Contulit
1088 1549 1184 1615 ambo
1216 1549 1315 1616 libros
1347 1549 1385 1614 L.
1412 1549 1454 1615 de

505 1657 633 1723 Stefani
654 1658 830 1741 Romanus,
855 1658 910 1745 qui
932 1656 1016 1722 haec
1039 1657 1080 1722 de
1102 1659 1156 1722 iis:

504 1766 668 1833 V12Vat.
693 1788 742 1852 gr.
766 1767 841 1841 954,
865 1787 927 1830 cm.
953 1768 1027 1848 28,1
1053 1780 1096 1834 ><
1121 1767 1206 1846 lat.
1253 1750 1452 1847 chartaceus,

505 1894 589 1939 saec.
613 1872 689 1956 XV,
718 1874 751 1938 ff.
780 1874 969 1940 lor-,fflr
990 1872 1111 1956 scripta
1138 1896 1157 1937 a
1180 1870 1341 1937 Michaelo
1363 1872 1449 1957 Apo-

506 1980 613 2062 stolio,
638 1981 729 2043 cuius
753 1978 947 2065 subscriptio
971 1989 1062 2044 extat
1084 1980 1119 2043 in
1142 1979 1164 2042 f.
1188 1982 1266 2045 417:
1288 1979 1450 2067 μιχαῆλος

504 2080 695 2175 ἆποστόλης
720 2084 898 2170 βοζάντιος.
937 2082 1020 2171 μετὰ
1043 2081 1103 2177 τὴν
1126 2078 1250 2153 ἅλωσιν
1272 2091 1328 2175 τῆς
1351 2076 1450 2152 critob

504 2192 665 2281 πατρίδος
699 2192 799 2281 πενίᾳ
832 2193 934 2273 συζῶν
965 2193 1023 2260 καὶ
1050 2191 1126 2261 τόδε
1148 2188 1187 2259 τὸ
1209 2197 1304 2260 θεῖον
1325 2190 1453 2278 βιβλίον

505 2306 635 2385 μισθοῖο
649 2300 683 2366 ἐν
695 2297 811 2390 apricus
826 2300 1010 2388 ἐξέγραψεν.
1042 2302 1078 2364 in
1090 2300 1154 2365 fine
1167 2300 1187 2366 f.
1200 2300 1452 2385 lO‘possessoris

500 2402 631 2494 prostat
653 2431 773 2474 nomen
795 2409 955 2493 Pomponi
977 2408 1114 2473 Gaurici
1131 2406 1346 2493 Neapolitani.

505 2516 554 2581 V²
571 2540 579 2581 :
595 2516 671 2581 Vat.
696 2538 744 2602 gr.
769 2518 845 2599 955,
871 2539 932 2580 om.
957 2518 1034 2598 36,2
1056 2533 1098 2584 ><
1120 2518 1206 2599 23,7.
1252 2513 1454 2579 membrana-

507 2646 599 2705 ceus,
636 2646 719 2688 saec.
753 2624 829 2689 XV.
879 2623 978 2687 rubro
1015 2631 1210 2688 attramento
1241 2623 1348 2707 pictae
1379 2631 1455 2687 sunt

392 2746 395 2751 '
506 2730 705 2817 singularum
720 2732 864 2816 partium
879 2730 1007 2796 litterae
1022 2730 1171 2795 initiales.
1207 2729 1246 2797 cf.
1259 2738 1452 2814 apparatum

507 2838 666 2903 criticum.

473 2943 634 3010 Omnibus
658 2946 767 3031 igitur,
792 2946 848 3031 qui
872 2946 1024 3010 curandis
1048 2945 1271 3011 collationibus
1293 2967 1345 3010 me
1363 2945 1453 3010 adiu-

383 3062 515 3136 verunt,
545 3075 663 3139 operae
690 3052 848 3119 benevole
874 3064 1015 3119 navatae
1039 3054 1163 3139 gratias
1186 3052 1333 3139 persolvo
1356 3075 1455 3139 quam

383 3182 556 3227 maximas.
579 3198 624 3207 -

472 3373 620 3438 Primum
643 3384 702 3457 est,
726 3383 761 3437 ut
777 3396 983 3460 quaeramus,
1008 3398 1091 3462 quae
1110 3376 1198 3440 inter
1212 3373 1311 3439 libros
1326 3384 1454 3438 nostros

382 3482 619 3566 manuscriptos
651 3482 735 3546 ratio
767 3482 950 3546 intercedat
981 3491 1080 3568 atque
1112 3482 1324 3547 iamiliaritas.
1377 3480 1454 3545 libri

382 3610 492 3652 omnes
515 3610 581 3652 uno
605 3610 649 3653 ex
672 3588 851 3674 archetypo
874 3588 1042 3654 fluxerunt
1066 3612 1169 3676 eoque
1192 3590 1268 3653 satis
1285 3597 1453 3674 corrupto,

382 3696 497 3760 eadem
525 3697 611 3761 enim
641 3696 759 3762 menda
787 3696 988 3783 eaedemque
1010 3696 1146 3762 lacunae
1168 3699 1203 3761 in
1226 3695 1374 3761 omnibus
1398 3718 1451 3760 oc·

382 3811 526 3885 currunt,
556 3825 641 3889 quae
666 3825 740 3867 cum
763 3803 895 3888 longum
920 3806 961 3868 sit
985 3804 1112 3890 singula
1135 3826 1334 3885 enumerare,
1357 3824 1451 3887 para·

381 3910 588 3995 graphorum,
612 3910 648 3974 in
672 3932 751 3997 quas
775 3910 959 3996 fragmenta
982 3911 1112 3997 digessi,
1139 3921 1265 3977 tantum
1289 3908 1451 3975 exhibebo

380 4040 547 4082 numeros:
580 4017 612 4081 A
641 4021 671 4084 1.
702 4019 733 4083 3.
762 4020 793 4084 b.
823 4022 853 4085 6.
884 4020 914 4084 l.
939 4020 971 4083 9.
997 4023 1049 4086 13.
1079 4023 1131 4086 14.
1160 4022 1213 4085 20.
1242 4021 1296 4085 22.
1320 4019 1375 4083 23.
1400 4019 1453 4083 26.

382 4126 434 4190 28.
465 4126 516 4191 29.
545 4126 599 4191 32.
628 4127 680 4191 33.
709 4126 762 4190 34.
792 4127 845 4192 35.
875 4128 928 4193 37.
958 4127 1009 4193 38.
1038 4129 1091 4192 39.
1115 4128 1169 4191 44.
1215 4126 1297 4190 Β4.
1343 4146 1453 4211 quam-

381 4252 479 4316 quam
507 4253 594 4296 nuno
622 4254 719 4318 quam
747 4232 824 4297 olim
848 4232 947 4299 fuisse
972 4235 1146 4300 memoriae
1169 4232 1375 4298 concordiam
1397 4252 1451 4294 ne

382 4358 474 4403 cesse
506 4349 571 4421 est,
592 4338 689 4403 ‘mala
721 4341 943 4426 operariorum
976 4362 1076 4427 opera
1107 4342 1217 4425 periit,
1250 4341 1297 4405 ita
1317 4347 1355 4404 ut
1376 4335 1452 4402 libri
