3825 5384
856 600 1077 668 ..33-

398 776 484 846 9καὶ
500 775 548 845 ἔτι
564 775 644 858 εἴτις
659 775 948 869 προδοτικιύτερος.
981 770 1063 868 ὅπερ
1080 774 1142 868 γάρ
1156 778 1219 847 ἐπὶ
1232 786 1292 848 τοῦ
1309 777 1499 861 Φιλίππου,

428 899 604 975 ποιοῦντος
635 891 802 983 προδότας
833 894 981 975 πολλούς
1011 895 1048 963 ἐκ
1079 900 1146 963 τῶν
1176 891 1346 981 μετάλλων
1373 901 1439 965 τῶν
1466 894 1500 962 ἐν

427 1011 622 1103 Μακεδονίᾳ
645 1012 702 1081 καί
730 1012 768 1080 ἐκ
794 1017 854 1081 τοῦ
877 1011 1007 1102 χρυσίου
1029 1018 1088 1081 τού
1113 1011 1322 1082 Φιλιππείου
1343 1012 1382 1082 νδ
1405 1013 1500 1102 σιδη-

425 1132 501 1217 ροῢν
523 1128 624 1218 γένος,
649 1126 758 1197 εἰπεῖν
780 1128 911 1218 λέγεταί
931 1155 991 1214 τις,
1016 1124 1062 1211 ὡς
1084 1118 1148 1218 άρα
1171 1121 1189 1200 ὅ
1215 1128 1393 1211 Φίλιππος
1415 1124 1499 1217 πρό-

427 1269 517 1333 τερον
552 1243 885 1335 ίέξανδραποδίσειί
920 1246 996 1328 τούς
1024 1239 1196 1337 Ἕλληνας,
1235 1240 1307 1315 εἶτα
1340 1246 1494 1335 ε’ξανδρα-
1527 1265 1540 1303 ⁶

425 1364 609 1445 ποδιεῖται,
632 1352 734 1431 ταύτύ
756 1362 849 1437 ἐστιν,
867 1361 929 1431 έπί
950 1370 1008 1455 τῆς
1029 1361 1148 1444 κακίας
1173 1361 1296 1447 εἰπεῖν,
1327 1362 1417 1453 πλὴν
1443 1354 1494 1429 ὅτι
1570 1413 1574 1423 .

426 1477 546 1547 δίδωσι
581 1477 642 1565 μέν
677 1473 783 1562 οὐδέν,
817 1470 901 1548 άλλά
932 1479 991 1547 καί
1021 1479 1060 1548 τὸ
1085 1484 1230 1571 χρῆσθαι
1261 1484 1325 1547 τῶν
1357 1474 1497 1563 ἐχόντων

373 1585 647 1689 1οάφαιρεῖται,
673 1600 766 1663 ποιεῖ
789 1594 826 1663 δὲ
849 1590 1046 1685 ἀνδράποδα
1069 1598 1127 1664 καί
1149 1593 1278 1687 μήποτ’
1306 1589 1345 1662 ού
1367 1590 1498 1671 δούλους

424 1704 534 1795 μόνον,
557 1704 642 1779 ἄλλά
664 1711 721 1778 καί
737 1710 983 1793 ἐθελοδούλους·
1009 1704 1078 1781 οἷον
1097 1703 1115 1781 ό
1131 1705 1355 1802 φιλόπλουτος
1369 1703 1499 1788 ούδενὸς

425 1821 523 1895 αύτδν
557 1824 782 1918 κηρύττοντος,
820 1823 904 1897 άλλά
936 1828 1023 1919 λέγει
1054 1819 1165 1910 αύτός,
1198 1820 1249 1897 ύτι
1282 1816 1378 1906 ὧνιύς
1409 1826 1497 1893 ἐστιν
1512 1852 1538 1892 10

425 1937 587 2032 ἀργυρίου,
621 1942 680 2011 καί
712 1940 751 2034 νὴ
782 1944 851 2013 Δία
882 1941 1071 2035 πιπράσκει
1103 1941 1218 2013 ἑαυτὸν
1240 1935 1278 2014 ού
1299 1938 1495 2034 δι’άργορίου

425 2052 601 2142 πολλάκις,
630 2050 702 2127 ἄλλ’
726 2060 874 2141 ἐλπίδος·
898 2054 1014 2150 ὥσπερ
1041 2041 1120 2129 όταν
1146 2066 1193 2151 τῷ
1221 2064 1366 2129 πλούτον
1392 2057 1496 2143 ἔχοντι

424 2175 621 2266 παρέπηται
645 2170 810 2267 πρεσβύτῃ
833 2183 1094 2267 θεραπευτικῶς,
1119 2173 1322 2266 ὀνειρώττων
1342 2177 1494 2265 κληρονο-

422 2291 549 2383 μήσειν,
577 2294 635 2362 καί
658 2294 755 2375 ζῶντι
777 2292 910 2384 δουλεύη
935 2299 1051 2364 πᾶσαν
1074 2293 1231 2378 δουλείαν,
1256 2292 1318 2373 έως
1340 2287 1380 2360 ἂν
1402 2289 1497 2377 κομί-

424 2432 522 2499 σηται
543 2405 601 2500 τὴν
623 2406 722 2500 τιμὴν
744 2405 837 2501 παρά
860 2416 981 2499 νεκροῦ.
1513 2435 1538 2472 1⁶

374 2527 411 2591 11
511 2517 529 2595 ό
554 2528 590 2594 δὲ
613 2521 795 2608 ἀκόλαστος
816 2524 931 2595 ἑαυτὸν
953 2527 1015 2614 μέν
1038 2523 1076 2596 ού
1102 2520 1304 2616 πιπράσκει,
1333 2524 1439 2615 ἑαυτῷ
1460 2525 1497 2592 δέ

424 2638 557 2712 ὠνεῖται
579 2636 745 2734 δεσπότην
767 2631 841 2734 ἤτοι
863 2638 936 2712 τινά
959 2649 1026 2712 τῶν
1049 2635 1179 2732 ιύραίων
1201 2643 1380 2732 λεγομένων
1402 2636 1496 2731 tuat

367 2758 626 2849 12[δέσποιναν]
653 2759 860 2829 παλλακίδα·
888 2760 946 2828 καί
968 2756 1034 2852 μην
1057 2753 1075 2829 ὅ
1098 2787 1134 2850 γε
1157 2758 1372 2844 δεισιδαίμων
1393 2755 1490 2825 λίθον

417 2874 492 2943 τινὰ
514 2876 551 2957 ἐξ
571 2866 693 2965 άγορᾶς
708 2870 866 2966 ἀράμενος
881 2866 1010 2967 άηνοχον
1026 2874 1192 2968 δεσπότην
1210 2870 1357 2967 γραπτὸν
1379 2868 1400 2966 ἠ’
1416 2899 1490 2941 τινα

419 2989 578 3075 πλαστόν,
603 2986 794 3073 άλεξίκακον
816 2989 839 3083 ἢ
860 2992 1021 3079 μειλίχιον
1038 2988 1206 3085 ύκτήσιον
1221 2981 1324 3078 ύνομα
1339 2990 1486 3076 θέμενος,
1505 3016 1531 3054 νο

416 3105 533 3177 τούτου
563 3105 679 3189 δοῦλός
706 3110 776 3177 ἐστι
803 3108 861 3175 καὶ
889 3108 1036 3199 φρίττων
1061 3110 1120 3178 καί
1147 3108 1303 3188 δεδοικώς
1330 3103 1493 3194 πρόσεισι.

365 3228 407 3293 13
416 3224 474 3291 καί
496 3224 643 3293 ἐνταῦθα
667 3224 837 3312 συμβαίνει
861 3221 879 3292 ὁ
898 3223 994 3317 λόγος
1009 3220 1121 3316 ὀρθός,
1146 3212 1183 3307 ὃς
1198 3216 1314 3294 ούδένα
1330 3222 1494 3311 ῒπολλδί

365 3344 407 3407 14
416 3332 587 3429 ὁμολογεῖν
610 3346 676 3408 τῶν
699 3338 833 3432 φαύλων
855 3335 1026 3432 ἐλεύθερον
1053 3337 1138 3411 εἶναι
1161 3334 1260 3411 άεί**.
1309 3332 1431 3431 [άρόύν
1455 3333 1493 3409 ού

415 3452 515 3541 μόνον
543 3448 561 3525 ὃ
588 3450 676 3537 οἶνος
702 3456 824 3545 γίνεται
850 3463 920 3540 τοῖς
941 3456 1083 3549 τρόποις
1104 3463 1172 3526 τῶν
1192 3458 1377 3549 χρωμένων,
1407 3448 1493 3525 άλλά

415 3573 474 3640 καί
499 3574 646 3653 πλούτος
672 3576 730 3642 καί
758 3572 837 3657 δόξα
865 3574 933 3665 καί]
963 3580 1028 3644 τῶν
1055 3581 1113 3644 τοῦ
1137 3573 1299 3645 Διονύσου
1320 3578 1491 3662 χορευτῶν.
1507 3611 1533 3649 25

415 3686 560 3757 Πλάτων
590 3689 627 3757 δδ
657 3680 675 3758 ὁ
705 3692 949 3780 κωμῳδοποιὸς
971 3690 1062 3781 έλεγε
1098 3689 1173 3761 «τὸν
1199 3686 1287 3760 οἶνον
1307 3689 1491 3780 μίγνυσθαι

504 3887 521 3941 δ
542 3885 777 3958 ἑξανδρατιοδίσει
796 3894 984 3960 corruptum:
1004 3886 1040 3942 cf.
1059 3893 1219 3944 comment.
1274 3879 1392 3942 6ταύτά
1405 3884 1491 3940 codd.

415 3976 431 4029 7
460 3969 491 4028 τὸ
516 3974 647 4047 χρῆσθαι
675 3975 760 4033 codd.
824 3980 859 4033 14
885 3972 1011 4032 δουλεύει
1039 3975 1124 4032 codd.
1188 3978 1224 4033 15
1251 3971 1328 4048 παρὰ
1356 3980 1492 4032 restituit

416 4063 550 4135 Cramer]
572 4067 636 4137 περὶ
656 4064 740 4121 codd„
807 4066 843 4122 18
862 4066 1018 4123 δέσποιναν
1037 4066 1153 4142 delevit¹
1167 4066 1255 4137 Keil]
1275 4066 1413 4120 δέσποινα
1432 4065 1491 4120 GP

414 4154 449 4208 22
468 4149 557 4208 πολλὰ
577 4156 766 4228 corruptum]
787 4156 831 4227 νεῷ
851 4158 884 4226 ἐᾷ
900 4162 1061 4230 proposuit
1074 4158 1147 4213 Keil
1201 4159 1236 4212 23
1255 4157 1309 4211 τῶν
1321 4156 1362 4209 Pz
1373 4178 1380 4209 t
1391 4150 1441 4209 τὸν
1454 4155 1491 4211 0:

414 4249 484 4315 post
508 4237 553 4298 ἀεὶ
575 4247 726 4301 nonnulla
749 4246 939 4303 exciderunt:
964 4248 1059 4304 verba
1081 4237 1269 4318 άρόὗν-δὸξα
1292 4248 1340 4299 καὶ
1364 4243 1492 4301 delenda

413 4338 496 4388 sunt.
517 4332 552 4388 of.
573 4340 735 4392 comment.
