3825 5384
383 782 505 847 tissime
529 783 636 848 studio
660 784 707 847 ita
730 784 967 870 perscrutanda
990 808 1070 868 esse,
1102 797 1139 851 ut
1171 794 1205 851 et
1236 787 1315 874 quid
1347 809 1451 853 sermo

383 882 622 975 verborumque
650 892 837 977 compositio
869 902 901 957 et
931 892 1011 979 quid
1038 893 1193 959 orationis
1225 896 1451 981 argumentum

382 1018 556 1083 rerumque
579 997 726 1062 condicio
751 998 900 1081 doceant,
923 1000 1139 1085 exploremus.

548 1356 598 1436 ΙΙΙ.
637 1356 688 1436 tte
718 1356 921 1457 sophistae
950 1360 1039 1439 arte
1068 1377 1116 1440 ae
1146 1377 1288 1460 uenere

835 1482 994 1563 dicendi.
1070 1569 1072 1574 ,

470 1641 524 1706 Ad
554 1641 748 1727 eruendum,
783 1666 845 1730 quo
875 1654 1022 1729 tempore
1053 1644 1239 1730 conscripta
1269 1645 1335 1710 sint
1367 1644 1449 1712 haec

381 1748 576 1835 fragmenta,
592 1750 727 1816 maximi
742 1762 878 1837 apparet
893 1773 965 1816 esse
980 1751 1145 1834 momenti,
1162 1760 1198 1817 ut
1210 1773 1451 1838 cognoscamus,

382 1878 446 1941 qua
469 1856 613 1922 dictione
636 1868 747 1923 noster
769 1866 886 1924 utatur.
925 1880 990 1944 qua
1005 1858 1039 1922 in
1054 1860 1244 1944 quaestione
1259 1880 1356 1924 nemo
1371 1860 1450 1925 vitio

381 1960 461 2027 mihi
475 1973 590 2047 vertet,
608 1965 695 2051 quod
710 1965 967 2051 fragmentorum
982 1962 1108 2051 partem
1119 1965 1148 2029 B
1161 1965 1290 2031 omuino
1303 1965 1448 2052 neglexi3

380 2092 457 2134 nam
479 2071 576 2137 nimis
596 2071 728 2137 foedata
756 2082 789 2138 et
817 2082 967 2158 correpta
993 2083 1069 2137 sunt
1096 2072 1213 2155 verba,
1244 2095 1344 2160 quam
1367 2094 1450 2160 quae

381 2175 423 2241 ad
443 2175 657 2243 elocutionem
674 2179 926 2245 examinandam
942 2177 1067 2265 aliquid
1082 2177 1239 2245 valerent
1278 2181 1325 2244 ita
1340 2190 1451 2245 autem

380 2306 450 2349 rem
473 2285 642 2351 instituere
669 2286 750 2351 mihi
777 2286 944 2372 proposui,
973 2295 1010 2350 ut
1032 2286 1161 2350 initium
1184 2308 1334 2372 caperem
1357 2310 1378 2351 a
1399 2310 1450 2353 re·

381 2391 542 2457 censendo
556 2391 801 2459 declamationis
811 2390 993 2482 ἓλληνισμῷ
1002 2394 1207 2479 primumque
1217 2414 1449 2477 enumerarem,

381 2521 465 2586 quae
493 2500 664 2565 atticorum
693 2501 843 2566 dictionis
869 2510 943 2566 suut
966 2492 1112 2587 propria,
1141 2499 1260 2565 deinde
1282 2512 1338 2579 ea,
1366 2523 1450 2588 quae

379 2608 595 2694 posteriorum
618 2608 812 2694 scriptorum
834 2608 944 2673 stilum
972 2608 1146 2693 resipiant,
1173 2619 1244 2676 tum
1266 2630 1372 2693 pauca
1394 2606 1449 2672 ad·

380 2713 493 2781 derem
517 2714 557 2779 de
579 2713 754 2780 verborum
778 2716 1020 2802 compositione.
1066 2697 1076 2812 ¹⁵

596 2930 635 2997 Α.
665 2932 717 2999 De
741 2931 1009 2999 declamationis
1033 2927 1228 3019 ἓλληνισμῷ.

375 3056 407 3135 a)
432 3052 524 3135 Quae
547 3052 682 3120 Attica
706 3064 781 3120 sunt
802 3054 965 3137 habenda,

700 3235 734 3318 α)
757 3236 1015 3320 informarunt
1038 3251 1120 3301 usu:

464 3354 598 3447 πράων
613 3362 633 3441 ἓ
646 3361 699 3441 25,
717 3359 901 3423 derivatum
917 3359 960 3423 de
977 3345 1098 3443 πρᾶοζ,
1118 3336 1321 3452 ηοηζπραῧς
1337 3364 1444 3446 πρᾶος

375 3467 521 3532 atticum.
560 3465 601 3531 cf.
618 3464 811 3549 Schweizer,
829 3464 975 3531 Gremm.
993 3465 1051 3529 der
1066 3475 1157 3551 perg.
1173 3463 1301 3529 Inschr.
1325 3487 1357 3550 p.
1371 3466 1445 3546 161,

375 3572 483 3638 adnot.
504 3576 532 3638 1.
579 3571 722 3655 Schmid,
746 3572 910 3638 Atticism.
926 3572 977 3636 IV
993 3574 1068 3639 584.
1192 3619 1197 3630 .

461 3684 620 3768 χρυσοῦν
639 3684 659 3761 ἓ
676 3682 710 3759 5,
735 3681 918 3769 σιδηροῦν
935 3683 954 3761 ἓ
971 3682 1006 3759 9,
1025 3669 1191 3768 α’ργυραῖ
1206 3682 1226 3761 5
1244 3680 1296 3745 20.
1344 3677 1448 3743 forma

373 3785 477 3852 soluta
500 3798 532 3853 et
561 3786 649 3873 apud
675 3788 790 3852 atticos
818 3796 851 3851 et
878 3786 966 3872 apud
993 3786 1150 3850 atticistas
1182 3784 1358 3849 rarissima.
1405 3784 1446 3849 ef.

374 3892 507 3959 Schmid
522 3894 572 3959 IV
586 3895 663 3961 580.
702 3892 898 3978 Schweizer,
922 3891 1067 3958 Gramm.
1091 3915 1123 3978 p.
1143 3895 1218 3959 141.
1248 3891 1306 3956 sed
1329 3890 1369 3957 of.
1392 3885 1447 3978 ἆρ-

374 3992 484 4090 νῦρεον
507 4024 579 4088 cap.
596 4000 756 4069 lllAbe.
1071 4009 1074 4016 “

462 4106 620 4177 διδόασι
644 4110 734 4191 aas,
758 4113 916 4175 non-uu.
964 4107 1006 4173 ef.
1030 4091 1231 4174 Schmidlv
1247 4108 1323 4174 see.

461 4222 632 4306 χρῆσθαι
656 4218 675 4299 ᾗ
696 4219 741 4299 9,Ι
762 4222 903 4305 χρῆται
936 4218 1026 4298 525.
1052 4214 1065 4225 ⁶
1096 4214 1137 4279 cf.
1164 4213 1298 4279 Schmid
1320 4214 1370 4279 IV
1393 4217 1446 4279 40.
1496 4297 1498 4320 Ι

375 4320 560 4389 Schweizer
578 4326 651 4391 175.

1198 4428 1216 4482 3
