3825 5384
863 647 1082 713 ...56-

438 822 592 890 ciendum
603 824 704 909 igitur
713 834 792 910 puto
805 815 870 891 οἷοι
882 824 939 891 καὶ
951 814 1047 892 edroi
1058 824 1238 915 πεφύκασι.
1272 827 1331 893 sed
1344 849 1418 892 eum
1429 839 1507 893 ante

437 932 519 997 haee
542 930 645 997 verba
667 930 786 997 lacuna
808 931 876 997 hiet
899 932 969 996 eius
996 933 1240 1019 magnitudinis,
1265 942 1301 998 ut
1320 956 1405 1021 quae
1418 936 1507 1000 exei-

322 1073 326 1081 s
439 1040 556 1105 derunt
579 1038 622 1103 ad
644 1026 781 1105 verbum
796 1037 926 1103 restitui
941 1061 1007 1104 non
1029 1040 1163 1123 possint,
1186 1042 1221 1104 in
1244 1040 1311 1105 sola
1327 1044 1506 1108 sententiae

438 1144 685 1213 adumbratione
708 1144 984 1231 acquiescendum
1008 1155 1068 1231 est3
1102 1146 1135 1211 id
1168 1148 1257 1233 quod
1287 1147 1350 1212 hae
1377 1149 1412 1212 in
1435 1172 1508 1215 ver-

437 1253 553 1319 borum
576 1253 671 1319 ruina
688 1254 821 1339 saepius
838 1254 942 1318 eoacti
957 1276 1075 1320 sumus.
1122 1254 1214 1319 deest
1234 1255 1330 1338 enim,
1354 1256 1397 1320 ad
1420 1256 1507 1342 quod

437 1361 596 1427 referatur
612 1361 795 1426 coniunctio
813 1352 910 1443 dora
936 1360 999 1425 nisi
1021 1360 1103 1426 forte
1121 1362 1192 1447 quis
1212 1384 1284 1425 eam
1300 1362 1414 1427 referri
1436 1362 1507 1428 vult

322 1478 338 1489 ”
439 1468 481 1534 ad
505 1472 547 1551 ἐξ
563 1470 705 1551 23·26,
731 1490 814 1555 quae
829 1477 940 1533 tamen
959 1468 1082 1533 maiore
1105 1468 1275 1533 intervallo
1300 1470 1342 1535 ab
1365 1492 1405 1535 ea
1427 1470 1507 1534 mihi
1537 1479 1539 1484 ’

438 1576 593 1643 videntur
616 1576 771 1658 seiuncta,
796 1576 960 1662 quemad
990 1576 1198 1661 quaspossit
1225 1577 1383 1641 revocari,
1431 1588 1506 1642 ante

421 1676 523 1753 ,ὥστε
549 1684 648 1769 igitur
680 1681 855 1749 verisimile
888 1693 946 1767 est,
979 1692 1139 1749 oratorem
1166 1683 1232 1747 iam
1260 1682 1429 1749 verbosius
1452 1707 1507 1748 ex·

437 1791 594 1877 posuisse,
618 1791 773 1877 quidnam
796 1792 831 1854 in
855 1790 1070 1877 gubernanda
1092 1814 1128 1856 re
1151 1789 1285 1875 publiea
1300 1792 1508 1876 regnantium

437 1920 543 1963 mores
570 1896 725 1980 valerent,
757 1907 853 1983 prout
886 1907 941 1961 aut
969 1898 1064 1963 mites
1091 1909 1148 1962 aut
1180 1898 1288 1983 asperi
1321 1908 1438 1981 essent,
1472 1898 1507 1962 id

440 2004 527 2094 quod
557 2006 675 2070 mirum
707 2027 773 2070 non
803 2013 911 2091 potest
943 2026 1026 2087 esse,
1059 2004 1232 2070 dummodo
1264 2006 1507 2070 meminerimus

441 2114 529 2200 apud
572 2112 773 2199 praefectum
820 2111 966 2203 Aegypti
1011 2111 1096 2176 hano
1140 2112 1317 2176 orationem
1360 2109 1513 2177 habitam¹

439 2240 517 2285 esse.
542 2258 584 2267 -
608 2220 651 2284 ad
673 2216 860 2309 εἰσφρέντος
893 2218 933 2285 ef.
963 2217 1107 2303 Sohmid,
1138 2219 1331 2285 Atticismus
1362 2219 1399 2283 Π
1433 2221 1505 2285 102.

440 2328 587 2395 111195.
638 2325 772 2395 Aristid.
803 2326 926 2409 1185,
958 2324 1016 2391 ubi
1047 2326 1166 2390 Nauck
1197 2348 1256 2413 pro
1289 2323 1506 2415 εἰσφέρεσθαι

440 2433 583 2499 restituit
598 2430 796 2523 εἶσφρέσθαι
813 2433 890 2519 (lex.
902 2432 1044 2501 Vindob.
1054 2433 1188 2498 XXVII
1200 2455 1275 2498 ann.
1292 2433 1360 2518 25).
1403 2455 1506 2518 genus

437 2542 582 2607 activum
613 2541 820 2606 intransitive
851 2542 984 2625 ponitur
1015 2540 1106 2625 apud
1138 2540 1251 2627 Polyb.
1284 2540 1372 2605 XXI
1395 2542 1449 2607 27.
1475 2541 1504 2603 Ἰ.

436 2646 580 2732 Aloiphr.
606 2648 855 2733 epist11153.
880 2684 925 2693 —

383 2756 427 2823 29
526 2754 609 2821 Sunt
631 2753 713 2819 haee
736 2754 1026 2843 apophthegmata:
1054 2754 1183 2819 Biantis
1206 2743 1286 2844 ἀρχὴ
1317 2751 1373 2820 τὸν
1405 2745 1506 2839 ἄνδρα

438 2861 548 2945 δείξει,
573 2860 820 2948 Epaminondae
844 2851 924 2952 ἀνὴρ
948 2861 1045 2942 δείξει
1069 2860 1128 2953 τὴν
1151 2851 1258 2950 ἀρχήν.
1305 2871 1403 2946 atque
1426 2858 1507 2957 illud

438 2969 569 3057 quidem
593 2968 834 3054 apophthegma
858 2992 930 3035 eum
950 2978 1058 3035 noster
1073 2976 1142 3033 tum
1157 2970 1212 3032 alii
1227 2968 1355 3033 Biantis
1370 2967 1506 3048 faciunt,

438 3077 493 3142 alii
516 3075 641 3142 Solonis
664 3074 719 3140 alii
744 3074 896 3143 Chilonis.
943 3075 984 3141 de
1008 3076 1058 3141 his
1080 3075 1176 3141 brevi
1199 3074 1368 3140 absolvere
1395 3095 1506 3160 possu-

437 3206 522 3250 must
557 3182 686 3249 Chiloni
719 3184 753 3248 id
785 3183 922 3249 attribui
955 3182 1049 3249 nobis
1080 3182 1181 3247 tradit
1212 3180 1312 3247 schol.
1340 3181 1383 3246 ad
1407 3179 1507 3266 Soph.

437 3291 515 3359 Ant.
539 3292 605 3357 175
639 3313 704 3355 non
739 3290 850 3355 addito
885 3292 1026 3356 auctoris
1059 3278 1205 3372 nomine,
1240 3287 1351 3355 Soloni
1381 3287 1508 3372 Harpo-

438 3399 550 3481 crati0‚
586 3394 754 3483 Sophoclis
788 3397 966 3482 elegiarum
1000 3397 1167 3484 scriptoris
1196 3396 1391 3461 auctoritate
1418 3396 1509 3458 nisus

440 3504 494 3591 (cf.
527 3502 655 3570 Schoell
666 3554 675 3588 ,
713 3503 828 3568 Leben
865 3504 934 3569 und
965 3504 1092 3570 Werke
1131 3504 1189 3569 des
1223 3501 1403 3589 Sophokles
1441 3502 1507 3567 363

437 3612 510 3679 adn.
536 3614 620 3691 150).
667 3611 708 3675 de
730 3610 849 3677 Biante
876 3609 974 3697 paulo
996 3610 1166 3676 verbosius
1190 3609 1420 3696 disputandum
1445 3617 1508 3672 est:

437 3720 692 3785 vetustissimum
713 3716 809 3782 huius
832 3715 1116 3803 apophthegmatis
1139 3717 1360 3783 testimonium
1382 3715 1507 3779 inveni·

416 3833 509 3891 'mus
532 3825 618 3912 apud
634 3824 843 3890 Aristotelem
866 3826 900 3889 in
922 3823 999 3891 Eth.
1016 3824 1086 3889 Nia
1105 3826 1211 3890 1130*
1229 3827 1256 3900 1,
1281 3844 1377 3910 quem
1400 3820 1508 3885 loeum

437 3933 602 4019 Diogenes
625 3931 663 3998 L.
688 3933 855 4018 ignorasse
877 3931 1019 4014 videtur,
1044 3932 1102 4018 qui
1124 3932 1141 3996 I
1164 3933 1206 3997 77
1228 3952 1246 3995 e
1268 3929 1413 3995 Platonis
1430 3928 1507 3992 Pro-

437 4048 551 4125 tagora
589 4060 622 4103 se
653 4039 850 4127 prompsisse
883 4038 927 4103 ait
960 4037 1041 4103 illud
1072 4038 1209 4121 dietum3
1247 4046 1279 4101 et
1311 4057 1507 4122 quamquam

437 4148 540 4213 firsius
563 4144 655 4211 Plato
678 4147 712 4211 in
728 4146 907 4232 Protagora
930 4145 971 4211 de
995 4144 1269 4231 apophthegmata
1290 4139 1436 4227 χαλεπὸν
1454 4142 1508 4207 ἑσ-

437 4252 521 4323 stov
551 4247 635 4322 εἶναι
667 4242 768 4343 dadon
798 4252 938 4336 disserit,
970 4275 1012 4318 ne
1035 4251 1139 4319 verbo
1163 4252 1295 4338 quidem
1318 4249 1404 4314 illius
1428 4248 1509 4314 dicti

437 4361 634 4427 mentionem
657 4361 747 4429 facit.
785 4362 968 4447 Diogenem
990 4360 1091 4448 igitur
1113 4382 1237 4425 errasse
1262 4365 1408 4443 apparet,
1433 4377 1508 4420 eum
