3825 5384
827 660 1051 726 ,27-

492 840 525 929 c)
552 866 595 909 αι
620 839 655 926 α)
677 862 765 905 num.
789 837 871 925 plur.
894 837 970 903 fem.
994 846 1058 901 ter:
1083 836 1122 920 ἐξ
1146 837 1177 900 4.
1201 836 1255 902 20.
1280 833 1333 901 26.

617 953 651 1032 β)
674 940 758 1013 εἶναι
782 935 836 1012 rici
859 948 878 1026 §
904 948 956 1011 13.
1026 1017 1029 1022 ,
1066 1006 1068 1011 .

493 1054 527 1139 d)
552 1080 595 1122 ov
618 1052 732 1119 semel:
758 1051 930 1140 λεγομένου
953 1046 1150 1141 ιγεμόνοςξ
1175 1052 1225 1117 28.

431 1158 435 1165 ’
493 1162 523 1247 ε)
558 1187 578 1251 ιγ
614 1169 675 1225 ter:
700 1164 742 1242 ἐξ
766 1162 795 1227 5.
820 1160 872 1227 37.
895 1161 949 1225 41.

493 1268 523 1353 f)
558 1270 585 1333 οῖ
617 1267 729 1333 semel:
754 1256 945 1351 εὐδαιμονία
969 1262 1058 1332 ἐστίν
1081 1266 1100 1347 ἓ
1125 1266 1153 1331 5.

493 1375 528 1464 g)
558 1404 584 1465 ῳ
614 1375 679 1441 dat.
703 1375 785 1460 sing.
811 1383 940 1461 quater:
965 1372 1004 1457 §§
1028 1374 1060 1440 5.
1086 1374 1114 1439 Ἰ.
1139 1373 1190 1439 1‘1.
1215 1373 1267 1439 40,

492 1501 599 1588 Igitur
629 1499 718 1565 haud
749 1500 796 1564 ita
828 1498 1020 1585 diligentem
1050 1519 1121 1563 csse
1153 1507 1242 1583 patet
1269 1504 1414 1562 nostrum
1441 1496 1475 1561 in
1593 1493 1596 1503 ¹

404 1609 540 1683 vitando
563 1608 669 1691 hiatu,
693 1608 728 1672 id
752 1606 839 1694 quod
861 1606 961 1671 etiam
984 1604 1103 1670 clarius
1126 1603 1309 1690 apparebit,
1334 1605 1362 1668 si
1383 1603 1476 1669 Pole-

404 1717 509 1784 monis
541 1724 573 1781 et
605 1714 747 1779 Herodis
778 1712 882 1779 Attici
914 1712 1210 1798 comparaverimus
1244 1711 1387 1776 rationes
1420 1709 1476 1798 (cf.
1566 1736 1571 1745 ’

404 1821 657 1906 Jiittner‚BresI
673 1820 750 1907 phil.
765 1819 852 1885 Abh.
863 1820 947 1885 VIII
963 1842 994 1906 p.
1010 1822 1062 1887 69.
1079 1822 1097 1887 t
1101 1819 1146 1905 3).
1164 1818 1225 1883 ille
1240 1819 1328 1884 enim
1343 1840 1477 1903 perraro

405 1930 549 1998 admittit
570 1928 697 1995 hiatum
719 1939 792 2013 post
816 1954 865 2009 αι,
890 1953 933 2008 so,
958 1952 1005 2009 οι,
1029 1953 1075 2008 ov,
1101 1952 1138 2008 ιο,
1166 1926 1220 1991 hic
1239 1944 1324 1992 ‘eum
1346 1927 1477 1991 omnino

404 2039 488 2125 fugit
511 2048 585 2121 post
609 2062 646 2117 ω,
670 2062 715 2118 αι,
739 2060 786 2101 ου.
833 2045 933 2122 atque
957 2056 1032 2099 cum
1056 2034 1158 2099 nostri
1174 2032 1338 2117 sophistae
1353 2033 1477 2098 ratione

405 2146 526 2231 optime
550 2144 715 2227 convenit,
740 2142 828 2229 quod
852 2140 895 2207 ad
910 2140 1083 2207 vitandum
1103 2140 1229 2207 hiatum
1244 2163 1317 2205 raro
1333 2140 1368 2205 in
1383 2162 1478 2205 usum

407 2253 541 2319 vocavit
1365 2243 1368 2249 ’

484 2361 527 2445 a)
551 2354 879 2447 rs‘rpctavoatsdv:
905 2357 945 2441 ἓξ
961 2357 1013 2423 10.
1034 2357 1083 2423 l'I.
1100 2358 1152 2421 22.
1170 2358 1214 2423 26
1229 2354 1289 2419 bis.
1306 2357 1357 2422 27.
1385 2356 1478 2420 omisi

406 2489 462 2533 eos
484 2465 582 2546 locos,
607 2465 665 2531 ubi
689 2466 870 2530 sententiae
893 2463 1052 2528 incisione
1067 2472 1245 2528 excusatur
1259 2463 1380 2546 hiatus3
1395 2461 1480 2527 'sunt

407 2585 515 2641 autem
540 2575 580 2658 ἐξ
604 2575 655 2639 21.
681 2574 735 2639 23.
761 2574 803 2639 26
819 2572 880 2637 bis.
905 2574 959 2637 43.

494 2680 529 2757 b)
546 2678 755 2745 verborum
770 2679 913 2743 formas
936 2680 975 2742 in
999 2689 1255 2744 consonantes
1275 2687 1477 2744 excuntes:

407 2789 579 2866 παντελῶς
600 2809 660 2871 pro
684 2782 772 2853 πάνυ
796 2796 953 2872 sequente
978 2784 1174 2872 ἕξορίζονιοιι
1197 2789 1216 2870 ἐ
1239 2788 1292 2853 26.

497 2898 527 2977 c)
551 2894 865 2960 enuntiationum
897 2903 1134 2959 structuram
1166 2893 1384 2962 distortam:
1416 2896 1478 2977 §2

407 2992 433 3091 ᾧ
455 2998 552 3089 μόνον
585 3005 683 3085 σῶμα
715 2992 844 3091 ὑψηλὸν
874 2991 914 3091 ἦν
940 2999 999 3066 καὶ
1021 3006 1125 3089 χεῖρες
1145 2999 1271 3088 μακραί
1293 3011 1327 3067 et
1348 3003 1367 3085 ξ
1390 3006 1412 3067 4
1435 2992 1481 3080 οἷς

400 3103 539 3199 Ὅμηρος
565 3108 651 3196 λέγει
678 3100 782 3173 πάλιν
805 3108 867 3174 ἐπὶ
889 3113 950 3197 τῆς
968 3112 1147 3199 ποκτικῆςς
1176 3109 1224 3173 ita
1245 3107 1350 3174 verba
1374 3108 1481 3193 dispo-

406 3218 484 3297 suit,
518 3213 607 3303 quod
639 3214 765 3303 μακραὶ
796 3205 835 3304 ἦν
863 3225 896 3280 et
925 3215 1011 3303 λέγει
1043 3215 1104 3282 ἐπὶ
1131 3214 1277 3283 hiantem
1300 3217 1480 3281 orationem

406 3322 635 3389 reddidissent.
682 3319 733 3386 his
757 3321 905 3387 omnibus
928 3323 1109 3406 perspectis
1138 3321 1174 3387 id
1204 3332 1283 3407 puto
1315 3346 1385 3389 esse
1419 3334 1481 3389 sta-

407 3430 573 3511 tuendum,
599 3438 760 3494 oratorem
784 3450 824 3493 ne
849 3427 957 3493 dicam
981 3431 1111 3494 omnino
1135 3451 1210 3510 non,
1234 3441 1324 3496 certe
1345 3453 1410 3496 non
1433 3432 1481 3495 in-

406 3538 589 3603 tentissima
617 3558 697 3600 cura
726 3535 849 3617 fugisse
877 3536 1002 3601 hiatum
1029 3558 1169 3624 eumque
1196 3535 1258 3604 hac
1280 3538 1315 3602 in
1338 3561 1374 3604 re
1396 3539 1481 3603 inter

407 3644 603 3729 posteriores
649 3644 822 3727 scriptores
869 3642 992 3726 facere,
1043 3667 1118 3709 cum
1163 3643 1285 3727 Dione,
1330 3643 1482 3729 Aeliano,

406 3751 565 3816 Lucieno.

490 3928 526 4014 b)
550 3929 594 3997 de
617 3928 848 4014 periodorum
873 3927 1053 3998 structura
1076 3932 1114 3998 ct
1136 3931 1180 3999 de
1202 3935 1394 4015 ngurarum

871 4038 1023 4109 rationo.

499 4161 678 4227 Recensitis
706 4185 836 4228 summa
864 4187 938 4229 cum
965 4164 1120 4250 religione
1153 4162 1353 4250 singularum
1381 4188 1481 4230 enun-

408 4269 581 4334 tiationum
613 4270 800 4354 structuris,
837 4271 872 4336 id
904 4271 985 4336 mihi
1016 4270 1147 4337 videtur
1176 4272 1283 4358 sequi,
1320 4284 1481 4338 oratorem

409 4376 586 4442 maximam
618 4397 758 4442 navasse
792 4399 938 4465 operam,
966 4390 1003 4445 ut
1026 4390 1131 4444 certos
1159 4388 1192 4444 et
1221 4380 1481 4465 circumscriptos

1233 4488 1266 4540 4*
