3825 5384
845 620 1064 686 ,39-

416 802 487 879 τοῖς
501 803 567 866 τών
583 794 748 866 πινόντων
764 794 917 887 τρόποις»
922 848 931 881 ,
950 790 988 866 ού
1003 792 1170 866 σκώπτων
1185 797 1223 865 ἐκ
1235 793 1360 882 τούτου,
1379 789 1492 886 ὥσπερ

417 913 469 991 del
492 914 611 1003 άπλώς
631 948 667 990 τε
688 924 746 991 καὶ
767 922 814 1013 μὴ
834 916 919 1008 μετά
942 923 1090 1012 σπονδῆς
1111 921 1213 1010 λέγων
1236 915 1316 989 εἶπά
1332 949 1390 1004 τις.
1422 913 1547 993 οἷονῐῧ

416 1044 477 1139 γάρ
500 1048 557 1116 καί
581 1048 618 1117 τὸ
643 1054 711 1137 πῦρ
733 1046 854 1133 πάσχει
875 1046 960 1136 πρὸς
974 1043 1017 1113 τά
1031 1044 1180 1133 θυόμενα
1204 1044 1286 1136 (εἴτε
1300 1045 1491 1134 λιβανωτός,

416 1171 483 1241 εἴτε
507 1174 662 1263 δέρματα,
687 1172 747 1264 τὴν
771 1168 874 1263 ὀδμὴν
893 1170 1066 1263 σαφηνίζει
1080 1172 1140 1262 τὴν
1154 1170 1321 1263 ἑκατέρου)
1336 1169 1436 1243 ταδτδ
1450 1169 1491 1263 δὴ

390 1304 513 1367 ττούτο
539 1298 597 1367 καί
625 1293 642 1367 ὃ
674 1292 761 1379 οἶνος
790 1303 893 1367 ποιεῖ.
940 1292 1060 1367 ὁποῖον
1086 1298 1147 1385 μὲν
1175 1292 1214 1367 δν
1241 1296 1320 1390 τύχη
1348 1290 1432 1392 ἦδος
1458 1299 1492 1366 ἐν

416 1419 506 1514 αύτῷ
537 1420 759 1509 θυμιώμενον,
790 1429 938 1503 τοιοῦτος
971 1421 1128 1512 γίγνεται,
1162 1415 1241 1514 ηδδς
1266 1424 1327 1510 μὲν
1354 1419 1491 1514 ἀγαθῶν

415 1547 593 1633 πινόντων,
628 1544 645 1618 ὁ
678 1550 714 1617 δὲ
746 1544 844 1631 αύτδς
867 1549 989 1636 <τοῖς>
1012 1546 1060 1629 είς
1090 1544 1190 1638 [τούς]
1221 1544 1339 1630 αύτούς
1370 1575 1492 1637 παροι-

401 1666 506 1744 ’νοῦσι
533 1670 771 1763 λοπηρότατος.
819 1664 869 1763 ἆρ’
898 1664 953 1741 οὖν
977 1680 1048 1756 τοῖς
1069 1671 1209 1763 τρόποις
1230 1679 1295 1743 τῶν
1317 1674 1491 1764 χρωμένων

416 1792 434 1867 ὁ
459 1793 547 1879 οἶνος
566 1795 755 1887 μιγνύμενος
777 1804 927 1887 κιρνᾶται
949 1792 1064 1885 μόνον,
1085 1790 1152 1883 ούκ,
1177 1790 1261 1867 άλλά
1276 1800 1335 1868 καί
1349 1803 1494 1879 πλοῦτος

377 1952 402 1988 10
416 1924 474 1994 καὶ
497 1922 578 2005 δόξα
605 1925 663 1991 καὶ
689 1915 856 2015 ἡγεμονία.
904 1923 946 1991 τὰ
973 1923 1035 2013 γὰρ
1063 1918 1146 1993 οὖτά
1173 1921 1352 2013 πράγματα
1379 1923 1425 2015 μὴ
1448 1923 1490 1991 τὰ
1505 1930 1547 1997 16

416 2042 499 2119 αι’·τὰ
531 2049 714 2141 φαίνεσθαι
746 2045 853 2117 α’ίτιον
885 2044 903 2117 ὁ
931 2048 1071 2119 ἑκάστου
1097 2048 1223 2139 τρόπος
1250 2044 1319 2119 οἷον
1346 2047 1492 2140 ἐγκιρνά-

415 2200 519 2261 μενος.
567 2167 611 2256 ώς
637 2173 702 2261 ἔχει
730 2166 829 2256 deig
857 2176 918 2244 ἐπὶ
946 2182 1005 2243 τοῦ
1031 2174 1187 2245 πλούτου.
1233 2172 1326 2261 μετά
1345 2176 1406 2261 μὲν
1428 2175 1489 2264 γάρ
1503 2180 1542 2246 17

416 2291 532 2390 άνδρὸς
552 2292 766 2392 ὑπερηφάνου
788 2304 933 2381 πλοῦτος
957 2295 1061 2371 όδωδε
1084 2299 1266 2393 βαρύτητος
1287 2302 1345 2371 καί
1368 2293 1489 2392 ύβρεως

415 2426 472 2493 καὶ
488 2424 602 2516 πάσης
617 2419 750 2517 άηδίας·
772 2418 887 2515 ὥσπερ
903 2427 936 2495 ἐν
950 2427 1011 2512 μὲν
1026 2429 1179 2516 φειδωλῷ
1194 2424 1297 2494 πάλιν
1312 2416 1491 2518 γῆς’δδωδε

376 2574 400 2611 1⁵
414 2549 701 2641 κατορυττόμενος·
737 2557 785 2641 τῷ
821 2552 858 2619 δὲ
895 2542 1016 2642 ἀγαθῷ
1050 2543 1213 2643 ὁμιλήσας
1244 2552 1282 2620 τὸ
1315 2550 1490 2629 κάλλιστον

414 2674 486 2760 ἔχει,
512 2667 598 2756 δι’άς
620 2672 749 2767 άνίησιν
771 2668 960 2767 εύεργεσίας.
1007 2668 1088 2769 άνηρ
1112 2673 1241 2767 ἀγαθὸς
1257 2675 1393 2767 πλούτῳ
1406 2674 1490 2765 χρώ·
1503 2681 1544 2745 18

413 2828 509 2887 μενος
541 2799 710 2891 φαιδρύνει
742 2801 892 2891 πατρίδα
924 2802 983 2870 καί
1014 2803 1140 2894 θεμένη
1172 2808 1261 2870 θεῶν
1287 2807 1404 2888 κοσμεῖ
1431 2800 1489 2868 καί

414 2925 531 3015 φίλους
558 2926 809 3016 πεπεδημένοος
836 2925 1023 3010 ἐπιλίποι,
1056 2919 1090 2994 ed
1122 2934 1231 2996 ποιῶν
1262 2926 1318 2997 τὸν
1344 2930 1489 2995 πλοῦτον

414 3044 472 3117 άτε
499 3051 538 3143 δὴ
568 3043 772 3141 άγαθοεργὸν
801 3050 981 3139 ἱστάμενος.
1029 3051 1085 3121 τὸν
1112 3053 1149 3120 δὲ
1171 3051 1244 3121 ἴσον
1267 3051 1325 3120 καί
1350 3050 1489 3127 πλείονα
1501 3057 1544 3122 19

375 3200 399 3237 ευ
415 3178 559 3245 πλοῦτον
587 3170 725 3269 ἀνόητος
751 3177 809 3245 καὶ
832 3174 1017 3259 ἀκόλαστος
1038 3177 1149 3264 λαβών
1172 3175 1219 3258 είς
1238 3183 1409 3267 μαγειρεῖα
1425 3160 1490 3244 καί

412 3300 569 3391 βάραθρα
591 3302 810 3371 παλλακίδων
832 3302 890 3370 καὶ
915 3300 1030 3392 ἑτέρας
1055 3300 1211 3383 τοιαύτας
1234 3298 1359 3393 τρυφάς
1376 3300 1422 3393 μὴ
1438 3293 1491 3370 δτι

416 3425 477 3517 [δὲ]
511 3426 648 3518 τυφλόν,
687 3418 771 3495 άλλά
810 3428 867 3496 καί
898 3426 1012 3496 πάντα
1044 3425 1212 3513 αἴσχιστον
1244 3419 1488 3519 άπογράφετοιι.

415 3548 460 3632 ὡς
481 3546 543 3642 γάρ
568 3553 606 3620 ἑκ
628 3559 695 3621 τῶν
718 3548 826 3621 αὐτῶν
847 3547 1032 3643 χρωμάτων
1055 3548 1237 3644 γράφονται
1253 3554 1314 3640 μὲν
1327 3558 1418 3623 θεῶν
1432 3552 1491 3621 καί
1503 3557 1549 3622 20

412 3670 525 3767 ἡρώων
549 3676 677 3759 εἰκόνες,
705 3670 813 3769 [ούτω]
839 3676 1002 3769 γράφεται
1015 3680 1029 3765 <
1039 3680 1101 3765 δὲ)
1121 3679 1164 3747 τοί
1182 3683 1293 3769 γελοῖα
1306 3684 1374 3746 τῶν
1389 3667 1491 3746 πινά-

503 3868 521 3920 2
539 3884 568 3918 τε
588 3870 635 3918 καὶ
660 3865 797 3935 reslitui]
824 3885 866 3925 τις
888 3870 936 3919 καὶ
960 3866 1045 3921 codd.
1101 3868 1118 3921 4
1137 3860 1188 3934 τὴν
1205 3866 1336 3938 ἑκατέρου
1356 3863 1493 3933 restitui]

415 3964 463 4015 τοῦ
488 3962 618 4038 ἑκατέρου
641 3962 726 4018 codd.
793 3966 809 4019 7
834 3958 917 4025 αὐτὸς
940 3968 980 4024 εἰς
1003 3961 1067 4025 τοὺς
1090 3959 1192 4025 αὐτούς
1215 3963 1301 4019 codd.
1358 3956 1448 4035 8ίίρα
1469 3964 1495 4018 L

414 4061 431 4115 9
449 4055 552 4133 μόνον,
573 4055 630 4125 οὐκ,
651 4066 782 4117 coniecit
802 4062 890 4133 Keil]
910 4062 1052 4134 κιρνᾶτσι;
1075 4057 1108 4116 οὗ
1125 4055 1216 4135 μόνον
1235 4061 1319 4117 codd.
1374 4063 1409 4119 15
1427 4064 1493 4117 καλ-

415 4162 536 4213 λιστεῖον
563 4178 618 4232 pro
646 4154 793 4216 κάλλιστον
815 4166 976 4233 proposuit
998 4161 1071 4216 Keil
1133 4162 1167 4217 19
1191 4154 1340 4235 ἱστάμενος
1363 4165 1495 4216 coniecit

416 4258 500 4329 Keil]
522 4254 674 4332 ἱστάμενον
693 4259 778 4315 codd.
834 4262 870 4315 20
887 4265 1047 4333 μαγειρεῖαι
1065 4260 1091 4314 L
1145 4263 1179 4316 21
1198 4252 1292 4331 βάθρα
1311 4260 1353 4314 Ρτ
1407 4260 1442 4313 22
1463 4258 1497 4313 δὲ

416 4355 591 4413 delendum:
612 4340 754 4412 mlvnl’lP
811 4361 845 4413 24
866 4352 937 4411 οὕτω
955 4351 1094 4431 γράφεται
1112 4354 1147 4411 τά
1167 4362 1264 4428 γελοῖα
1283 4358 1369 4414 codd.

1242 4449 1281 4503 5*
