3825 5384
855 572 1077 636 ..40-

429 772 495 814 κων
510 745 569 819 καί
583 738 761 829 ἀκόλαστα,
778 745 1026 838 παραπλησίως
1041 742 1117 829 ἀπὸ,
1126 746 1300 838 χρημάτων
1315 755 1380 816 τῶν
1395 740 1502 817 αότῶν

368 877 375 913 ³
396 878 406 902 ³
429 862 459 939 όΑ
471 870 531 957 μέν
553 864 736 951 σπουδαῖος
762 873 825 939 καί
848 870 994 961 τεχνίτης
1022 867 1099 965 ἀνὴρ
1125 870 1241 954 πόλεις
1267 864 1303 942 εί·
1328 878 1422 943 ποιεῖ
1443 873 1501 943 καί

431 994 558 1087 φίλους·
582 993 614 1064 οί
638 995 674 1063 δέ
696 997 848 1085 τρνφεροί
871 998 908 1065 έκ
931 1002 990 1065 τοῦ
1012 994 1156 1067 πλοότοο
1176 998 1322 1089 πίθηκοι
1337 997 1501 1088 γίγνονται

431 1120 490 1188 καί
511 1126 610 1208 μῖμοι
633 1122 691 1189 καί
713 1112 828 1208 ἀμίδος
852 1116 989 1212 ἀργυραῖ
1012 1122 1069 1190 καί
1089 1122 1307 1212 ποδάνιπτρα
1329 1125 1387 1192 καί
1402 1118 1501 1193 ἀλλαι

429 1251 581 1343 τοιαῦται
604 1238 719 1332 όμοιαι
741 1252 811 1328 τοῖς
832 1252 899 1315 τῶν
921 1249 1095 1335 χρωμένων
1117 1245 1255 1337 τρόποις
1277 1246 1407 1329 εἰκόνες.
1528 1273 1540 1309 5

374 1374 415 1439 21
515 1373 573 1439 καί
600 1376 671 1439 πῶν
700 1371 751 1456 δέ,
785 1365 837 1441 ότι
864 1366 904 1439 ἀν
933 1370 1037 1463 λάβῃς
1062 1379 1214 1462 πρᾶγμα,
1246 1373 1406 1463 τρέπεται
1433 1366 1500 1443 δπδ

427 1502 486 1564 τοῦ
507 1470 671 1586 χρωμένδυ
693 1490 806 1583 ῶσπερ
829 1496 861 1565 οἱ
877 1497 1044 1583 ποταμοί,
1062 1490 1231 1579 δι’δποίας
1246 1493 1286 1565 ἀν
1301 1505 1361 1590 γῆς
1374 1495 1499 1587 ῥέωσιν,

428 1616 502 1689 ἀντε
529 1619 705 1709 λιτρῶδοος
731 1616 809 1689 ἀντί
835 1648 922 1703 τινος
945 1613 1157 1712 ἀργιλῶδους,
1190 1616 1301 1709 ὅμοιοι
1322 1622 1498 1715 ’φαίνονται

374 1750 416 1813 22
428 1743 613 1835 γεόσασθαί
642 1773 678 1816 τε
709 1746 768 1814 καί
800 1744 890 1816 ίδεῖν.
937 1748 1054 1839 ἐπειδὴ
1088 1744 1149 1838 γάρ
1170 1750 1240 1817 νκαί
1272 1744 1411 1839 ἀγαθῶν
1442 1749 1499 1817 καί

426 1877 537 1939 κακῶν
559 1872 648 1941 ἐστιν
670 1862 860 1962 ἀνθρώπων
881 1857 1035 1963 χρήματα
1050 1875 1107 1942 καί
1124 1865 1315 1964 πράγματα,
1341 1871 1539 1960 λαμβάνοιεν

426 1995 588 2086 ἑκατέρων
614 1992 674 2087 τὴν
701 1995 808 2087 φύσιν,
836 1992 905 2066 ίπδ
927 1999 988 2084 μέν
1009 2004 1076 2065 τῶν
1103 1989 1241 2086 ἀγαθῶν
1268 1989 1499 2088 ἀγαθοποιοί-

373 2124 417 2189 23
426 2147 518 2207 μενα,
533 2114 603 2190 ἀπὸ
619 2123 656 2189 δὲ
671 2126 737 2189 τῶν
750 2126 863 2190 κακῶν
879 2120 1074 2208 κακούμενα.
1094 2123 1152 2191 καί
1167 2123 1229 2212 γὰρ
1244 2126 1283 2190 αἵ
1296 2149 1331 2191 τε
1345 2124 1498 2210 μέλισσαι

428 2248 486 2315 καί
517 2244 552 2314 αί
581 2252 676 2332 μυῖαι
703 2252 774 2327 τοῖς
806 2242 918 2327 αὐτοῖς
949 2248 1245 2337 προσκαθίζουσιν·
1277 2242 1347 2315 ἀλλ’
1376 2245 1412 2315 αἱ
1438 2249 1499 2334 μέν
1549 2317 1551 2322 ,

426 2374 580 2460 μέλισσαι
612 2366 670 2443 ἀτε
701 2370 874 2464 ποιήτριαν
905 2379 970 2441 τῶν
1003 2380 1129 2463 σοφῶν,
1161 2369 1396 2463 ἀπολαβοῦσαι
1421 2367 1499 2443 όσον

335 2486 337 2493 ’
424 2499 554 2588 μέτριον
571 2489 608 2567 οδ
623 2494 844 2584 μιαίνουσιμό
861 2498 983 2566 λοιπὸν
998 2494 1074 2567 οδδέ
1089 2498 1369 2587 ’[διαβοίλλονσινῒ
1385 2492 1500 2585 ῶσπερ
1513 2525 1538 2562 15

372 2638 375 2675 ῖ
425 2622 460 2691 αί
483 2630 589 2711 μυῖαι,
611 2621 708 2709 (οἳ),
733 2615 862 2692 ὁποίων
885 2618 924 2691 ἀν
947 2616 1104 2712 ἅψωνται
1124 2624 1238 2692 σιτίων
1252 2620 1273 2715 ἢ
1288 2625 1346 2693 καί
1361 2623 1498 2711 πεμμό-

427 2776 501 2832 των,
518 2744 713 2839 ἀνθρώποις
728 2744 863 2840 ἀβρωτα
878 2748 1151 2818 καταλείπουσιν·
1168 2740 1207 2818 οδ
1222 2746 1282 2839 γάρ
1297 2751 1334 2818 έκ
1345 2755 1498 2839 καθαρᾶς

370 2866 414 2932 24
426 2859 556 2952 ὁμιλίας
586 2863 744 2955 ἔρχονται.
789 2866 847 2933 καί
878 2858 896 2934 δ
928 2859 1109 2954 ἀνθρωπος
1138 2858 1156 2934 δ
1187 2865 1248 2951 μὲν
1280 2866 1318 2934 ἐκ
1345 2872 1497 2955 ῥυπαρῶν

425 2980 695 3072 έπίτηδεομοίτων
728 2974 798 3049 οἷον
837 2982 949 3061 έλκοος
983 2970 1022 3073 ἀρ’
1045 3008 1133 3062 τινος
1168 2974 1284 3067 δμοίοο
1320 2984 1498 3073 φορ<ογιοῶ

425 3096 604 3184 πενόμενος
632 3096 767 3187 πλούτῳ
792 3096 1005 3187 ’προσπεσών
1036 3092 1106 3166 ἀπό
1134 3124 1192 3166 του
1222 3096 1411 3183 πνεύματος
1440 3099 1497 3166 καί
1512 3126 1537 3164 20

425 3212 535 3306 τόχης,
565 3205 610 3294 ῶς
637 3205 735 3293 αδτδς
762 3204 862 3304 ἀρχὴν
890 3212 1076 3297 ἐκπίνων,
1107 3212 1260 3303 ῥυπαίνει
1283 3210 1321 3283 τδ
1344 3219 1495 3305 πρᾶγμα·

369 3332 413 3399 25
427 3325 516 3413 ‘o'cmg
543 3332 579 3399 δέ
605 3324 757 3419 καθαρὸς
782 3328 840 3397 καί
863 3324 1036 3420 ἀκήρατος,
1066 3318 1142 3397 ἀντι
1163 3332 1317 3397 πλουτῶν
1339 3328 1416 3420 τύχῃ
1441 3317 1498 3397 δίν-

427 3448 513 3537 τέ’φ’
528 3442 704 3538 ἡγεμονιοίς
717 3442 946 3531 καθεζόμενος,
972 3435 1157 3534 ὁρμώμενος
1172 3435 1244 3514 ἀπὸ
1259 3451 1325 3513 τῶν
1339 3447 1374 3513 έν
1388 3444 1497 3536 λόγοις

426 3560 595 3650 λειμῶνων
614 3563 672 3630 καί
687 3568 746 3653 τῆς
759 3556 855 3651 παρά
870 3565 928 3652 τῆς
943 3559 1103 3640 παιδείας
1117 3555 1256 3642 εὐωδίας
1272 3554 1341 3630 οἷον
1354 3563 1495 3647 μέλισσα

424 3678 587 3770 γλυκαίνει
622 3668 756 3769 κάκεῖνα
792 3670 843 3757 οἷς
870 3684 1003 3768 χρῆται·
1043 3677 1103 3744 καί
1138 3665 1222 3745 ἀλλα
1255 3676 1372 3768 τίθησι
1406 3674 1496 3769 σοφοί
1510 3684 1536 3724 2⁵

492 3860 510 3913 4
529 3848 726 3911 ποδόνιπτατ
788 3856 805 3909 8
829 3849 980 3927 νιτρῶδους
1001 3854 1026 3907 Ρ
1091 3855 1124 3909 11
1149 3846 1264 3925 ἑκάτερα
1287 3854 1386 3909 codd.=
1410 3850 1496 3927 φύσιν

425 3952 555 4003 conjecit
588 3945 676 4015 Keil]
711 3938 786 4016 ὑφὴν
814 3943 912 3999 οοδδα
939 3942 975 3998 cf.
1000 3960 1104 3997 comm.
1178 3945 1213 3998 13
1241 3938 1336 4004 αὐτοῖς
1363 3938 1496 4016 αὐτοῖςγ

424 4039 459 4094 15
479 4029 675 4105 διαβάλλουσιν
688 4033 874 4106 οοεεαμίααι]
888 4028 1085 4103 μδελέττουσιν
1096 4037 1256 4103 proposuit
1267 4031 1351 4089 Keil:
1363 4031 1495 4089 fortasse

424 4120 642 4200 διαμολύνουσιν
696 4126 730 4179 16
750 4126 779 4176 αἳ
798 4123 895 4181 adieci
948 4123 984 4177 19
1003 4120 1126 4193 φορυτοῦ
1145 4122 1273 4193 conieci]
1290 4114 1396 4194 φόρτου
1409 4121 1493 4178 codd.

421 4218 457 4272 20
475 4210 530 4269 ἀπὸ
557 4214 607 4268 τοῦ
635 4214 719 4270 οοδδ.
779 4216 813 4268 21
843 4214 873 4267 ἐκ
896 4217 987 4269 πίνων
1015 4215 1145 4266 coniecit
1168 4212 1255 4282 Keil]
1284 4206 1384 4271 αὐτοὺς
1406 4206 1496 4285 ἀρχὴν

423 4307 547 4360 ίπαίνων
566 4303 650 4358 codd.
705 4305 740 4359 25
759 4307 892 4373 γλυκανεῖ
907 4301 992 4357 σοδδ.
