3825 5384
861 626 1084 692 ..50-

440 804 522 870 haec
553 803 621 869 fere
648 802 804 869 videntur
835 802 961 869 deesse:
993 803 1128 868 summis
1156 800 1282 868 viribus
1315 800 1513 867 studendum

439 932 517 994 esse,
541 920 578 976 ut
592 911 627 975 in
641 910 828 977 libertatem
843 933 901 976 nos
917 909 1136 993 vindicemus3
1160 911 1189 975 si
1204 910 1384 990 vincamur,
1400 917 1513 975 tamen

439 1020 579 1085 invictos
602 1018 660 1085 nos
683 1018 765 1083 mori
789 1018 871 1083 sicut
894 1017 1028 1101 liberos'3
1052 1018 1103 1082 sin
1126 1026 1235 1082 autem
1257 1015 1424 1082 laboribus
1440 1038 1511 1104 per-

439 1126 545 1193 territi
574 1126 702 1190 hastam
734 1124 941 1208 abiiciamus,
973 1124 1192 1190 voluntariam
1223 1146 1282 1189 nos
1310 1123 1421 1191 subire
1448 1146 1513 1190 ser·

439 1234 592 1316 vitutem,
621 1241 657 1296 ut
684 1232 730 1296 ait
753 1230 950 1297 Simonides:
977 1279 1061 1299 ....
1085 1230 1305 1317 sequebantur
1326 1254 1442 1297 versus
1464 1230 1513 1296 Si·

440 1340 579 1407 monidis
603 1338 657 1423 (cf.
678 1337 769 1405 PLG
790 1338 844 1403 HI
867 1338 988 1405 Simon.
1011 1338 1071 1425 frg.
1097 1339 1272 1424 1-4B1).
1319 1339 1513 1404 nitidissime

440 1456 549 1513 autem
571 1444 649 1512 Keil
678 1447 815 1511 coniecit
844 1458 1007 1513 oratorem
1034 1446 1084 1511 his
1108 1447 1218 1512 verbis
1241 1456 1388 1533 spectare
1411 1446 1513 1512 Lace·

441 1555 637 1639 daemonios,
664 1556 720 1641 qui
744 1554 786 1619 ad
809 1553 1046 1641 Thermopylas
1068 1564 1206 1620 mortem
1229 1555 1439 1640 appetissent,
1467 1563 1513 1619 at-

441 1661 580 1747 tulitque
609 1685 653 1727 ex
674 1660 830 1728 isocratis
858 1670 938 1727 orat.
964 1661 1014 1726 IV
1036 1666 1078 1744 ἐξ
1100 1664 1155 1729 91.
1179 1665 1236 1729 92;
1261 1710 1269 1725 .
1294 1711 1301 1725 .
1327 1712 1334 1728 .
1359 1712 1366 1725 .
1391 1650 1463 1728 ἀλλ’
1480 1658 1512 1728 oi

439 1768 501 1854 μὲν
523 1765 754 1858 διεφθάρησαν
776 1768 834 1836 καί
856 1774 931 1849 ταῖς
955 1774 1077 1855 ψυχαῖς
1099 1775 1251 1849 νικῶντες
1272 1775 1343 1849 τοῖς
1365 1765 1514 1854 σοίμασιν

440 1866 604 1958 «intimos,
640 1870 677 1941 oi·
709 1870 769 1964 γὰρ
803 1871 844 1966 δὴ
876 1874 974 1944 τοῦτό
1006 1902 1041 1964 με
1072 1876 1174 1963 θέμις
1204 1874 1311 1945 εἰπεῖν
1344 1868 1389 1955 sig
1412 1866 1514 1965 ῆιιῆ-

442 1990 562 2073 θησαν.

389 2091 434 2157 'l
530 2090 653 2156 Versus
669 2089 888 2177 Phocylideus
913 2091 1074 2177 quomodo
1094 2102 1179 2157 esset
1193 2090 1430 2173 resarciendus,
1455 2089 1512 2155 du-

423 2198 519 2263 -dum
542 2196 685 2263 dilucide
709 2200 859 2284 exposuit
874 2198 989 2285 Bergk
1012 2197 1116 2283 (PLG
1137 2198 1174 2263 H
1197 2200 1238 2265 71
1255 2198 1316 2283 frg.
1336 2200 1377 2264 14
1388 2197 1428 2283 ⁴),
1453 2197 1509 2283 qui

319 2328 321 2337 ’
440 2314 623 2371 nostrorum
645 2304 803 2370 librorum
826 2304 929 2371 verba
953 2298 991 2373 οδ
1017 2303 1117 2391 μόνον
1145 2301 1182 2373 ιδ
1206 2304 1353 2370 mutilata
1377 2325 1447 2369 esse
1469 2326 1514 2367 ex

440 2408 578 2497 ἔμμεναι
600 2412 768 2497 ingeniose
792 2412 994 2499 explanavit.
1018 2450 1059 2461 —
1083 2412 1341 2478 adsentantium
1366 2411 1406 2476 cf.
1427 2410 1511 2475 Plat.

330 2522 332 2527 ’
443 2518 530 2585 Prot.
548 2520 628 2587 343:
650 2518 796 2603 χαλεπὸν
818 2519 940 2588 ἐσθλὸν
963 2518 1099 2605 ἔμμεναι
1122 2515 1224 2609 ίίνδρα
1247 2522 1303 2602 (ex
1322 2516 1511 2602 Simonide).

396 2628 417 2693 8
528 2625 584 2691 Ad
599 2625 736 2692 verbum
760 2626 828 2693 fere
851 2626 933 2691 haec
956 2637 1071 2694 extant
1093 2626 1182 2713 apud
1196 2625 1407 2692 Plutarchum
1430 2647 1511 2690 mor.

441 2733 535 2799 47F:
561 2730 598 2801 od
621 2732 680 2820 γὰρ
702 2731 811 2817 μόνον,
837 2729 882 2814 δίς
904 2759 1006 2824 φησιν
1028 2733 1219 2822 Φωκυλίδης
1247 2732 1362 2803 (πόλλ’
1379 2727 1512 2821 ἀπατη-

440 2845 543 2931 θῆναι
567 2836 737 2931 διζήμενον
760 2838 897 2927 ἔμμεναι
921 2840 1074 2924 ἐσθλόν»,
1107 2832 1190 2909 ἆλλδι
1221 2841 1279 2909 καί
1312 2843 1513 2930 γελασθῆναι

441 2949 491 3015 δεῖ
520 2942 630 3015 πολλὰ
663 2947 720 3015 καὶ
751 2938 910 3039 ἀδοξῆσαι
937 2948 996 3017 καί
1019 2947 1205 3035 σκώμματα
1227 2950 1284 3042 καί
1306 2946 1514 3034 βωμολοχίας

441 3044 675 3141 δναδεξιίμενον
700 3043 857 3124 δίσασδαι
890 3039 995 3123 παντί
1027 3062 1074 3145 τῷ
1097 3061 1196 3145 θομῴ
1218 3058 1276 3123 καί
1299 3055 1513 3145 καταθλῆσαι

441 3161 501 3251 τῆν
523 3155 685 3247 ἀμαθίαν.
703 3201 744 3210 -
762 3164 803 3228 de
818 3163 983 3229 Lasthene
1006 3175 1038 3230 et
1059 3163 1262 3250 Euthycrate
1285 3163 1327 3228 cf.
1342 3160 1511 3227 Demosth.

440 3268 786 3355 phil.111126.128.
826 3270 924 3345 Diod.
945 3271 1030 3337 XVI
1044 3272 1098 3339 53.
1145 3270 1294 3358 Olynthii
1316 3279 1410 3336 erant
1432 3269 1512 3349 nati,

441 3376 498 3462 qui
527 3399 548 3441 a
574 3375 725 3463 Philippo
759 3401 837 3443 auro
869 3382 1015 3464 corrupti
1049 3416 1090 3427 -
1122 3380 1157 3445 id
1191 3378 1278 3465 quod
1309 3386 1434 3463 spectat
1471 3374 1522 3441 ad.

441 3484 609 3570 sequentia
631 3488 664 3567 (ξ
680 3487 713 3564 9)
730 3486 914 3571 -patriae
934 3508 1013 3551 suas
1035 3485 1216 3572 proditores
1239 3486 1319 3550 facti
1342 3495 1457 3571 postea
1478 3484 1513 3549 in

441 3588 585 3675 Philippi
608 3591 805 3657 asseclarum
829 3615 967 3659 numero
989 3592 1225 3659 referebantur.

397 3700 435 3765 9Ι
531 3697 804 3788 ἑξανδραποδίσει
828 3723 925 3765 sensu
950 3712 1047 3767 caret
1092 3702 1364 3789 proficiscendum
1388 3710 1451 3783 est,
1476 3709 1514 3765 ut

442 3805 642 3892 corrigamus
674 3806 781 3872 locum
813 3830 833 3871 a
860 3809 962 3875 verbo
995 3809 1122 3890 κακίας.
1170 3833 1254 3897 quae
1286 3810 1428 3895 primum
1457 3831 1513 3873 vc·

441 3912 619 3999 luptatihus
643 3912 759 3979 oblatis
784 3914 922 3981 delectat
946 3915 1092 3982 homines
1108 3916 1320 4004 sensibusque
1334 3916 1512 3998 blanditur,

441 4028 554 4105 postea
577 4042 689 4086 servos
711 4020 886 4087 libidinum
909 4032 941 4089 et
958 4024 1172 4109 cupiditatum
1189 4047 1243 4089 eos
1258 4023 1375 4089 reddit.
1415 4031 1513 4111 atque

442 4124 502 4192 hoc
526 4126 614 4193 idem
638 4127 678 4194 dc
703 4128 852 4216 Philippo
877 4142 984 4215 potest
1011 4132 1178 4197 contendi:
1206 4134 1347 4217 primum
1371 4131 1513 4197 Graeco

444 4256 516 4298 rum
549 4236 672 4302 animos
704 4236 856 4302 adulatur
889 4260 1008 4324 eosque
1040 4238 1082 4302 ad
1113 4237 1377 4305 benevolentiam
1400 4238 1512 4321 allicit,
1552 4290 1556 4299 .

443 4340 559 4405 deinde
591 4364 702 4408 servos
735 4366 789 4409 eos
821 4345 938 4411 reddit.
986 4344 1121 4411 dubium
1148 4347 1250 4433 igitur
1277 4368 1342 4412 non
1364 4348 1430 4411 iam
1453 4357 1513 4431 est,
