3825 5384
900 670 1122 735 ..14-

476 848 595 914 Gelani
609 850 855 939 προτρεπτικοῢ
870 846 1089 933 fragmentum
1103 845 1268 931 inspicias,
1287 843 1374 931 quod
1389 865 1455 907 uno
1470 864 1545 929 pre·

476 957 581 1023 oemio
620 955 814 1042 completur3
854 977 962 1042 neque
998 954 1033 1018 in
1069 953 1131 1031 hoc
1167 950 1344 1017 similitudo
1386 950 1545 1015 librorum

476 1064 598 1131 medici
625 1062 795 1129 clarissimi
827 1073 860 1127 et
890 1062 994 1127 nostri
1025 1061 1162 1128 oratoris
1191 1060 1389 1125 continetur:
1421 1067 1459 1123 ut
1489 1055 1544 1122 ille

476 1170 622 1238 oratione
646 1192 704 1235 sua
727 1169 769 1235 ad
785 1162 1018 1256 capessendam
1034 1177 1137 1233 artem
1159 1168 1321 1232 medicam
1344 1166 1546 1230 inflammare

477 1279 602 1343 animos
627 1277 746 1359 studet,
769 1277 817 1341 ite
838 1286 947 1341 noster
969 1274 1139 1341 audientes
1161 1273 1300 1360 impellit
1323 1273 1366 1339 ad
1389 1281 1545 1358 appeten-

477 1386 553 1449 dam
590 1383 827 1450 beatitudinem
863 1384 1019 1470 viamque
1060 1381 1201 1448 ostendit
1239 1404 1324 1469 quae
1360 1371 1403 1445 'sit
1438 1381 1545 1464 ingre·

477 1492 610 1576 dienda;
644 1491 693 1555 his
726 1491 767 1556 de
797 1492 905 1556 causis
935 1491 1079 1556 oratione
1107 1499 1236 1554 nostrae
1265 1487 1443 1553 inscribere
1465 1483 1546 1550 mihi
1573 1479 1576 1486 ’

476 1600 583 1679 visum
607 1609 656 1663 est
680 1594 929 1688 προτρεπτικός.
1450 1609 1455 1617 ’

565 1710 635 1771 Iam
659 1706 817 1792 sequitur,
840 1714 876 1769 ut
900 1705 940 1769 de
965 1703 1092 1791 reliqua
1113 1704 1368 1791 fragmentorum
1390 1701 1543 1787 congerie

478 1836 649 1899 exponam.
695 1834 832 1877 nemea
851 1834 871 1875 a
887 1810 1125 1877 declamatione
1150 1834 1221 1877 esse
1245 1808 1446 1875 secernenda
1467 1806 1545 1872 inde

476 1922 543 1987 iam
567 1920 683 2002 elucet,
707 1919 794 2006 quod
816 1920 850 1983 in
873 1918 949 1983 LVr
971 1919 1071 1983 rubro
1087 1927 1281 1984 attramento
1297 1925 1450 1981 exaratae
1472 1922 1548 1979 sunt

478 2027 680 2115 singularum
702 2028 845 2113 partium
867 2026 970 2091 initia.
1016 2036 1173 2112 excerpta
1195 2034 1269 2091 sunt
1291 2046 1334 2089 ex
1355 2024 1453 2104 libro,
1483 2043 1546 2108 que

477 2135 685 2201 refellebatur
712 2156 825 2199 eorum
852 2134 1030 2216 sententia,
1065 2134 1122 2219 qui
1150 2134 1306 2198 virtutem
1338 2131 1450 2196 doceri
1481 2151 1547 2194 non

477 2266 571 2331 posse
600 2241 849 2308 contenderunt.
896 2251 993 2330 atque
1019 2242 1055 2307 in
1087 2263 1136 2323 eo,
1170 2239 1257 2327 quod
1289 2238 1422 2326 quidem
1453 2235 1548 2302 nobis

478 2359 644 2416 servatum
668 2358 727 2432 est,
751 2348 898 2432 frustul0,
922 2349 981 2415 tali
996 2331 1241 2413 ratiocinatione
1257 2348 1326 2411 eius
1341 2341 1454 2411 auc'tor
1468 2342 1549 2408 mihi

422 2488 423 2491 ¹
479 2457 609 2523 videtur
624 2456 790 2544 progredi:
807 2457 1023 2543 proficiscitur
1038 2480 1058 2521 a
1073 2456 1183 2521 verbis
1195 2448 1382 2539 αὐτομάτου
1397 2462 1429 2517 et
1443 2448 1548 2540 τύχης,

478 2564 596 2651 quibus
619 2564 802 2651 promiscue
825 2586 919 2629 usum
946 2586 1016 2629 esse
1040 2564 1085 2628 ait
1109 2586 1183 2629 eum
1211 2584 1284 2627 cnm
1313 2582 1376 2647 quo
1399 2558 1548 2624 dissentit

477 2671 714 2759 philosophum.
762 2670 819 2735 sed
843 2694 881 2736 eo
909 2672 1118 2757 ipso'errore
1146 2692 1221 2735 eum
1242 2668 1399 2755 probare,
1433 2664 1547 2751 quanti

479 2778 666 2845 faciendum
682 2780 723 2843 sit
737 2778 919 2844 litterarum
934 2777 1092 2843 studium:
1117 2778 1170 2842 cui
1186 2777 1214 2841 si
1228 2775 1441 2856 incubuisset,
1458 2782 1548 2838 certo

479 2909 523 2952 ex
544 2884 729 2951 Aristotelis
752 2886 882 2971 scriptis
906 2886 995 2971 quod
1017 2884 1233 2950 intercederet
1261 2883 1436 2949 discrimen
1464 2880 1549 2944 inter

477 2992 534 3057 illa
564 2991 667 3058 verba
698 2991 843 3057 futurum
880 2992 993 3075 fuisse,
1031 3003 1068 3057 ut
1105 3000 1325 3078 cognosceret.
1376 2997 1548 3075 praeterea

478 3100 663 3167 necessarie
687 3122 785 3185 supra
804 3122 838 3166 se
855 3080 1093 3166 demonstrasse
1109 3100 1262 3164 virtutem
1277 3095 1464 3163 hominibus
1487 3094 1550 3158 lor·

479 3208 562 3273 tuito
594 3208 750 3273 obvenire
778 3230 843 3273 non
870 3230 979 3293 posse3
1012 3230 1088 3272 nam
1116 3204 1324 3293 Empedoclis
1357 3202 1549 3282 sententiae,

480 3315 535 3401 qui
562 3315 599 3381 ἐκ
630 3320 688 3406 τῆς
719 3318 786 3381 τῶν
818 3313 987 3399 στοιχείων
1018 3308 1162 3402 κράσεως
1192 3312 1268 3392 τοὺς
1299 3304 1447 3399 ἀγαθοὺς
1469 3308 1551 3393 (καὶ

478 3420 576 3507 τοὺς)
601 3421 720 3501 κακόυς
751 3419 927 3510 γίγνεσθαι
954 3423 1055 3505 dicat,
1089 3421 1180 3486 illum
1213 3420 1384 3506 suffragari
1414 3418 1550 3482 mimine

480 3530 654 3595 verisimile
689 3550 770 3595 esse.
826 3540 911 3595 stare
942 3531 1043 3615 igitur
1075 3552 1148 3594 eam
1180 3551 1278 3615 quam
1310 3522 1550 3612 amplectantur

479 3636 671 3704 Aristoteles
699 3646 731 3701 et
758 3636 859 3703 Stoici
890 3638 1097 3719 sententiam,
1130 3638 1187 3723 qui
1217 3646 1321 3701 artem
1354 3631 1552 3699 contendant

479 3767 549 3810 esse
588 3746 744 3810 virtutem
783 3766 921 3831 eamque
961 3768 1027 3810 non
1064 3746 1128 3810 nisi
1162 3743 1395 3809 exercitatione
1433 3739 1550 3826 parari

479 3874 587 3940 neque
615 3874 672 3918 eos
695 3852 778 3918 solos
801 3854 835 3916 in
857 3850 942 3917 hanc
966 3852 1161 3917 sententiam
1184 3853 1320 3935 iurasse3
1350 3848 1457 3915 eidem
1479 3867 1550 3911 sese

480 3959 647 4025 addixisse
657 3960 723 4025 iam
733 3968 862 4025 veteres
871 3959 925 4025 illo
936 3958 1380 4046 sphilosophosProtagoram
1390 3953 1549 4042 eththa·

479 4089 607 4154 goram3
632 4067 690 4154 qui
712 4067 775 4131 nisi
798 4054 908 4132 doceri
931 4077 1040 4153 posset
1062 4068 1181 4149 virtus,
1205 4076 1295 4131 certe
1317 4074 1445 4130 tantam
1465 4083 1549 4125 mer-

481 4173 596 4241 cedem
624 4174 773 4241 exacturi
800 4196 866 4240 non
892 4174 1022 4239 fuerint.
1069 4174 1219 4240 omnibus
1247 4174 1334 4239 enim
1361 4181 1455 4236 notas
1479 4188 1550 4232 esse

479 4281 627 4361 fabellas,
653 4304 737 4369 quae
763 4281 803 4347 de
818 4282 962 4348 Platonis
985 4292 1019 4347 et
1033 4283 1229 4369 Protagorae
1252 4283 1287 4346 in
1310 4276 1473 4365 exigenda
1494 4274 1551 4339 illa

479 4390 606 4456 ratione
628 4389 785 4458 ferantur.
803 4390 921 4455 -Est
944 4390 1047 4476 igitur
1061 4390 1097 4455 in
1111 4388 1292 4476 propatulo,
1317 4408 1458 4474 quonam
1474 4404 1549 4449 con·
