3825 5384
741 624 1050 696 Ι--51--

402 814 481 901 quin
519 809 562 876 ad
599 807 834 875 restituendam
875 808 1069 874 sententiam
1106 828 1166 894 pre
1204 793 1475 893 ἐξανδραποδίσει

403 905 662 988 subaudiendum
689 917 731 983 sit
758 912 954 1005 θεραπεύεις
982 916 1017 979 in
1039 914 1240 980 restituenda
1262 923 1371 979 autem
1393 932 1475 978 voce

401 1028 488 1093 ultra
508 1024 774 1114 probabilitatem
797 1045 866 1088 rem
888 1021 1070 1108 perducere
1094 1045 1161 1087 non
1184 1043 1365 1107 possumus,
1390 1042 1498 1106 cum„

405 1133 492 1223 quod
514 1134 550 1199 in
571 1154 671 1199 verae
700 1132 790 1197 vocis
816 1129 925 1195 locum
952 1129 1100 1215 irrepsit,
1127 1126 1398 1218 ε’ξανδραποδίσει
1426 1149 1476 1191 or-

403 1253 473 1309 tum
504 1241 546 1306 sit
575 1249 633 1305 aut
665 1236 793 1305 scribae
825 1236 986 1318 socordia,
1020 1238 1075 1301 cui
1106 1258 1244 1323 sequens
1276 1235 1477 1323 ἐξανδραπο-

404 1352 523 1417 διεῖται
554 1346 621 1411 iam
651 1346 688 1410 in
720 1346 828 1410 anime
860 1343 1055 1409 versabatur
1086 1352 1143 1408 aut
1174 1366 1217 1408 ex
1251 1342 1376 1429 glossa,
1412 1363 1477 1428 qua

284 1476 285 1479 ’
403 1452 547 1522 medium
570 1453 887 1542 ἑξανδραποδιεῖται,
914 1451 1001 1537 quod
1023 1451 1135 1517 activa
1149 1452 1185 1515 vi
1207 1449 1362 1516 hocloco
1385 1471 1478 1513 usur-

406 1571 515 1649 patur,
531 1559 768 1649 explicabatur.
783 1596 828 1610 -
845 1560 880 1625 vi
891 1558 1002 1624 active
1017 1558 1354 1648 ε’ξανδραποδιεῖσθαι
1371 1566 1480 1621 exstat

404 1664 492 1755 apud
514 1667 594 1735 Hdt.
617 1668 634 1733 I
659 1662 721 1734 662'
743 1657 788 1745 οἷς
815 1660 854 1756 δὴ
883 1662 1235 1754 ἐξανδραποδιούμενοι
1261 1662 1336 1744 τοὺς
1363 1659 1480 1753 Τεγεή-

403 1803 471 1856 τας.
495 1814 538 1827 -
562 1775 604 1840 ad
637 1777 789 1864 σιδηροῦν
822 1772 862 1837 cf.
888 1800 909 1839 α
934 1774 1010 1840 293.
1043 1779 1081 1839 Χ
1100 1773 1176 1839 357.
1222 1771 1301 1837 Hes.
1325 1792 1377 1857 op.
1402 1772 1478 1837 114.

405 1884 488 1951 Plat.
503 1907 530 1949 r.
545 1881 636 1970 publ.
652 1881 738 1947 VIII
761 1903 792 1968 p.
809 1882 873 1947 547
885 1880 924 1945 B.
965 1879 1054 1946 Orat.
1071 1880 1137 1947 398
1147 1878 1188 1943 A.

355 1998 395 2060 11
497 1991 676 2058 δέσποιναν
708 1987 882 2053 delendum
915 1997 977 2072 est3
1009 2009 1086 2052 uam
1118 1995 1175 2051 aut
1206 1985 1269 2051 hec
1301 1994 1376 2050 ante
1407 1973 1480 2075 ἤτοι

409 2109 465 2164 aut
487 2090 652 2187 δεσπότην
675 2106 749 2183 post
772 2083 1059 2187 iltotponendum
1082 2103 1141 2159 est.
1183 2092 1418 2179 interpolatum
1445 2092 1483 2157 id

407 2229 488 2289 esse,
510 2206 577 2270 iem
596 2203 673 2269 inde
689 2202 805 2283 elucet,
830 2202 918 2289 quod
932 2203 968 2266 in
984 2201 1011 2268 Ο
1027 2212 1060 2266 et
1074 2202 1101 2266 P
1118 2187 1341 2267 nominatirus
1356 2207 1482 2286 prostat

405 2336 464 2400 pro
488 2312 685 2378 accusativo.
731 2310 775 2377 ed
798 2310 993 2375 sententiam
1016 2308 1058 2373 cf.
1074 2308 1157 2373 Plat.
1173 2306 1315 2373 Phaedr.
1332 2309 1375 2375 68
1386 2307 1426 2371 E.

356 2425 397 2489 12
496 2419 539 2485 αδ
562 2408 721 2507 δραμενος
749 2418 791 2484 ef.
814 2418 952 2484 Bekker
973 2416 1098 2482 Anecd.
1123 2415 1182 2481 Gr.
1203 2416 1293 2484 110:
1318 2405 1480 2504 ἀράμενον

407 2528 535 2617 φέρειν·
563 2516 696 2617 Ἀττικὴ
721 2516 742 2616 ἡ
767 2522 930 2607 σύνταξις,
961 2524 1036 2593 δίον
1059 2521 1167 2591 εἰπεῖν
1190 2516 1324 2611 δίραντα.
1370 2531 1480 2588 nostro

406 2632 477 2699 loco
489 2633 577 2699 idem
589 2633 754 2721 significat
765 2655 804 2699 ae
815 2629 1003 2721 πριάμενος.
1029 2631 1068 2698 cf.
1078 2630 1242 2717 Aristopln
1257 2652 1326 2696 rau.
1340 2632 1436 2696 1401.
1445 2670 1481 2676 -

409 2735 607 2821 ἀλεξίκακον,
630 2738 796 2825 μειλίχιον,
812 2737 955 2830 ardetur,
972 2740 1108 2805 deorum
1124 2738 1318 2825 cognomina
1335 2775 1374 2785 —
1392 2737 1481 2803 Iovis

409 2857 441 2913 et
462 2846 615 2913 Herculis
638 2885 691 2930 —,
724 2846 827 2933 lepidi
860 2856 969 2934 empto
996 2846 1081 2912 indit
1108 2844 1204 2911 bomo
1228 2845 1481 2932 superstitiosus,

407 2966 444 3020 ut
476 2954 530 3020 dei
561 2956 634 3020 vice
662 2976 737 3019 enm
765 2954 853 3020 domi
877 2953 1005 3019 habeat.
1031 2992 1072 3003 -
1096 2953 1139 3018 ad
1164 2951 1309 3043 φρίττων
1340 2952 1397 3018 καί
1429 2952 1482 3018 δε-

410 3056 529 3142 δοικιδς
559 3061 599 3126 cf.
623 3060 709 3126 Plut.
740 3084 820 3126 mor.
849 3060 994 3128 166DE
1021 3059 1115 3149 (περί
1146 3058 1430 3144 δεισιδαιμονίας);
1464 3053 1482 3127 δ

409 3165 596 3258 φρίττων
623 3164 700 3249 τοὺς
724 3173 874 3259 σωτῆρας
896 3168 952 3236 καὶ
976 3162 1052 3247 τοὺς
1073 3166 1252 3252 μειλιχίους
1274 3166 1402 3255 τρέμων
1424 3166 1483 3234 καί

399 3273 619 3355 δεδοικώς.

360 3385 400 3451 13
499 3381 609 3451 πολλὰ
628 3394 827 3468 corruptum,
853 3383 944 3447 cuius
964 3382 1025 3448 sub
1040 3381 1158 3448 litteris
1172 3380 1276 3447 latent
1290 3379 1384 3445 verbi
1399 3381 1486 3445 finiti

393 3474 540 3575 rudera,
564 3513 606 3555 ex
630 3513 693 3577 quo
711 3485 880 3579 ὁμολογεῖν
895 3491 1029 3576 pendet3
1054 3489 1216 3555 sententia
1239 3489 1327 3554 enim
1343 3497 1407 3554 est:
1424 3541 1431 3553 .
1449 3537 1455 3550 .
1475 3540 1482 3554 .

411 3599 533 3664 dictum
556 3597 647 3681 illud,
672 3598 760 3683 quod
784 3598 947 3662 neminem
971 3619 1014 3662 ex
1028 3596 1128 3682 vulgo
1143 3597 1267 3682 patitur
1290 3594 1342 3679 (cf.
1359 3583 1483 3680 δχλων

411 3702 565 3793 σύλλογος
597 3706 615 3789 ξ
641 3708 671 3787 2,
700 3705 843 3773 πολλοὶ
873 3706 891 3790 ἓ
916 3707 962 3787 bl
978 3726 1105 3790 semper
1136 3704 1276 3769 liberum
1307 3724 1377 3767 esse
1407 3701 1483 3767 diei.
1523 3702 1525 3706 ’

411 3812 599 3878 coniectura
625 3811 713 3877 huuc
740 3811 846 3877 locum
875 3812 986 3899 attigit
1013 3812 1105 3893 Keil,
1134 3812 1225 3876 cuius
1254 3809 1484 3876 emendatione

411 3946 467 3985 πω
491 3919 530 4009 ἑᾷ
551 3941 632 3984 vere
666 3920 828 3984 sententia
860 3919 981 4005 optime
1014 3918 1206 3984 restituitur.
1234 3956 1273 3966 -
1298 3916 1340 3981 cf.
1363 3916 1484 4003 Porph.

411 4024 455 4090 ad
491 4026 594 4091 Marc.
625 4027 676 4092 34.
717 4025 808 4091 Stob.
841 4026 901 4091 ecl.
925 4026 1030 4108 1116,
1054 4028 1098 4093 55
1129 4022 1359 4091 Wachsmuth:
1400 4020 1485 4090 ἑλεί-

413 4139 511 4221 θερον
543 4124 702 4201 ἀδύνατον
734 4126 819 4201 είναι
852 4131 909 4200 τὸν
941 4130 1073 4201 ποίθεσι
1105 4129 1296 4201 δουλεύοντα
1328 4130 1385 4198 καί
1417 4120 1485 4198 ὖπδ

410 4245 541 4335 ’παθῶν
563 4236 787 4329 κρατούμενον.
833 4240 982 4306 Paroem.
1000 4238 1057 4305 (ir.
1075 4240 1125 4306 ed.
1142 4237 1297 4307 L.-Schn.
1313 4238 1396 4323 Hp.
1412 4238 1488 4306 397.

418 4350 472 4414 90.
497 4384 537 4395 -
562 4358 635 4433 post
659 4336 712 4414 ἇεί
734 4347 852 4413 lacuna
874 4347 1051 4413 intercedit
1073 4369 1179 4433 neque
1198 4368 1365 4432 caputve,
1390 4366 1489 4432 quam
