3825 5384
841 591 1063 655 ..37-

506 760 578 831 ἀλλ’
607 753 746 833 ἀκουσον
775 764 814 835 τὸ
842 770 901 834 τοῦ
924 758 1117 853 Κρωβύλου·
1137 756 1318 857 Ἀθηναῖος
1345 758 1392 858 ἦν,
1420 772 1491 848 τοῖς
1514 770 1535 837 6

418 893 455 960 δέ
485 890 645 971 πολίταις
670 892 756 960 ποτὲ
785 896 855 972 τοῖς
886 886 987 959 αύτοῢ
1016 889 1220 977 συνεβούλευε
1243 888 1290 984 μη
1316 893 1490 983 προσέχειν

416 1020 464 1108 τῷ
487 1012 659 1087 Μακεδόνι
683 1014 853 1105 Φιλίππῳ
881 1015 1111 1106 προῖσχομένῳ
1133 1011 1175 1085 τά
1198 1015 1360 1108 εἰρηνικά·
1386 1013 1431 1099 ὡς
1453 1018 1490 1086 δέ

416 1138 676 1232 ἐθορυβήθησαν
704 1135 793 1230 αύτῷ
820 1138 880 1209 καί
907 1166 960 1221 τις
986 1132 1131 1223 ἀναστὰς
1158 1138 1380 1228 δεδιττόμενος
1402 1139 1490 1212 εἶπε·
1550 1227 1553 1233 ¹

391 1263 565 1354 επόλεμον
595 1264 745 1355 εἰσάγεις,
778 1264 950 1356 Κρώβυλε;
979 1259 1109 1352 καλός,
1140 1258 1179 1335 ού
1207 1265 1307 1354 μόνον
1337 1294 1384 1357 γε,
1415 1266 1489 1359 ἐφη,
1551 1304 1560 1319 ·

416 1392 572 1480 πόλεμον,
590 1383 747 1461 ἀλλὰκαὶ
762 1389 928 1471 θανάτους
943 1382 1069 1481 ἀιόρους
1082 1392 1140 1461 καὶ
1154 1393 1281 1480 μέλανα
1298 1391 1414 1481 ἳμοίτια
1432 1393 1491 1461 καί

416 1517 596 1611 δημοσίους
616 1516 728 1609 ταφάς
746 1516 858 1603 (nai)
878 1514 993 1606 λόγους
1012 1517 1221 1609 ἐπιταφίους,
1248 1516 1314 1608 εἴγε
1329 1515 1491 1605 βούλεσθε

415 1646 462 1735 μὴ
488 1648 605 1735 ληρεῖν,
629 1634 713 1712 ἀλλά
732 1635 977 1733 τούςἝλληνας
992 1643 1212 1733 ἐλευθερῶσαι
1226 1645 1285 1714 καί
1299 1643 1491 1735 κτήσασθαι

417 1769 521 1838 πόλιν
546 1758 587 1837 αύ
611 1768 671 1859 τὴν
696 1765 857 1857 πατρῴαν
881 1762 1103 1858 ἡγεμονίαν**
1127 1759 1392 1861 ἀπροφασίστως
1415 1773 1489 1839 δου-

376 1932 401 1970 ιο
416 1894 550 1993 λούοντα
576 1890 662 1962 κατὰ
685 1893 742 1963 τὸν
767 1880 963 1983 Σιμωνίδην·1
988 1884 1082 1963 ούδέν
1103 1892 1164 1985 γάρ
1186 1921 1255 1963 που
1276 1895 1360 1983 μέγα
1382 1900 1488 1986 μικρῷ
1513 1891 1530 1956 'i

416 2014 651 2112 θεραπεύεται·
674 2015 712 2088 τό
728 2019 765 2087 δέ
781 2015 821 2109 δὴ
837 2020 990 2108 μέγιστον
1005 2008 1134 2100 ἀλυπος
1147 2018 1220 2106 βίος
1234 2022 1294 2090 καὶ
1308 2015 1488 2112 ἐλεύθερος,

414 2142 474 2238 οἷφ
503 2140 593 2227 ὅστις
622 2142 829 2231 ἐπιβουλεύει
855 2146 913 2213 καί
941 2146 1123 2214 διανοεῖται
1150 2138 1195 2227 οἷς
1217 2142 1333 2217 ἑαυτόν
1359 2148 1489 2215 ἐλευθε-

414 2273 530 2364 ρτόσων
557 2273 594 2340 ἐκ
620 2278 685 2340 τῶν
708 2273 838 2338 παθῶν
865 2296 900 2339 τε
926 2270 985 2338 καί
1006 2275 1073 2338 τῶν
1095 2272 1186 2340 ἐθῶν
1207 2273 1265 2340 καὶ
1288 2270 1487 2365 κτησόμενος

413 2398 446 2437 **
470 2390 551 2490 ἀνὴρ
579 2395 869 2487 προσδιανοείοθω
897 2397 956 2463 καὶ
983 2392 1074 2464 ίσθω
1103 2389 1153 2465 ότι
1179 2394 1239 2489 χρὴ
1267 2392 1305 2467 ού
1327 2395 1424 2486 μόνον
1447 2394 1487 2466 τὸ

373 2555 399 2597 τε
415 2523 635 2595 Φωκυλίδειον
674 2528 804 2591 παθεῖν
846 2512 1102 2590 «πόλλ’ἀένοντα
1141 2521 1310 2615 διζήμενον
1349 2522 1486 2611 ἐμμεναι

413 2650 567 2733 ἐσθλὸν»,
593 2644 677 2718 ἀλλά
691 2648 749 2716 καὶ
764 2653 909 2737 πονῆσαι
924 2645 1047 2728 πόνους
1061 2637 1099 2716 ού
1113 2646 1266 2738 φαύλους·
1291 2650 1349 2719 καὶ
1364 2648 1486 2739 πατρί·
1509 2640 1529 2704 8

413 2780 469 2858 δας
502 2768 601 2845 αύτδν
630 2770 819 2865 ἀφελέσθαι
846 2769 947 2862 χρεων
976 2773 1034 2841 καὶ
1062 2777 1122 2864 τῆς
1148 2769 1262 2855 ούσίας
1285 2770 1486 2862 δι’ἀμέλειαν

415 2899 647 2989 ἀπολλυμένης
676 2905 843 2991 θαρρῆσαι
874 2899 931 2966 καὶ
964 2888 1100 2979 ἀδοξίαν
1130 2899 1188 2967 καὶ
1219 2891 1328 2991 ὀνείδη
1356 2897 1399 2970 τά
1426 2900 1486 2968 ἐπὶ

414 3024 541 3107 τούτοις
556 3025 616 3094 καί
629 3020 757 3115 πατρός
771 3018 867 3114 δργάς
878 3022 936 3091 καί
947 3022 1054 3114 φίλων
1069 3019 1351 3113 ἀποτρεπομένων
1362 3024 1483 3114 λόγους,

373 3180 399 3219 κο
412 3150 585 3239 νομίζοντα
608 3154 674 3218 τῶν
697 3148 854 3219 τοιούτων
876 3149 1015 3218 ἕκαστον
1037 3144 1230 3242 Εύθωιροίτη
1245 3149 1303 3242 καί
1319 3152 1484 3243 Λασθένη

414 3335 627 3342 ——.—-—-—

502 3455 607 3512 2ποτέ
635 3459 749 3509 omittit
776 3453 814 3509 L:
843 3448 930 3507 αύτοῖ
959 3454 982 3509 ὒ
1037 3455 1053 3508 7
1081 3457 1131 3507 καὶ
1157 3453 1254 3511 adieci
1307 3448 1432 3522 θαύτὴν
1452 3473 1485 3527 y:

413 3568 555 3623 lacunam
581 3561 713 3618 indicavi
743 3566 815 3633 posi
845 3555 1015 3635 ἡγεμονίονε
1047 3561 1157 3618 desunt
1188 3560 1353 3618 Simonidis
1383 3564 1485 3619 verba„

417 3671 452 3728 ci.
478 3675 636 3727 comment.
704 3671 738 3724 12
770 3672 820 3738 οἵῳ
850 3669 978 3739 conieci]
1011 3663 1068 3729 οἷος
1099 3668 1184 3726 codd.
1251 3671 1287 3724 13
1316 3663 1486 3743 κτησόμενος

414 3777 541 3847 conieci]
566 3772 739 3851 κτησόμενος
760 3770 830 3849 ἀνὴρ
853 3776 1095 3848 προσδιανοείσθω
1117 3780 1165 3832 καὶ
1188 3781 1228 3837 εἰς
1251 3768 1293 3830 ότι
1308 3770 1365 3849 χρὴ
1387 3776 1485 3831 vodda

413 3866 554 3943 laminam
580 3883 713 3940 indicavi
739 3890 810 3956 posi
837 3874 1020 3957 κτησόμενος,
1052 3902 1142 3955 quam
1168 3889 1214 3943 sic
1242 3884 1375 3955 explevit
1401 3884 1485 3939 Keil:

411 3990 483 4063 (τήν
501 3989 591 4061 ἀληθῆ
611 3993 780 4063 ἐλευθερίαν,
800 3978 879 4051 οὗτος
898 3984 913 4044 ύ
931 3992 970 4061 τῷ
987 3983 1047 4046 ἀντι
1060 3985 1202 4065 ἐλεύθερος
1215 3991 1287 4047 εἶναι
1298 3983 1487 4064 βοσλόμενος>

411 4096 483 4175 ἀνὴρ
536 4102 571 4155 14
591 4104 663 4153 ἴσθω
686 4104 817 4155 coniecit
835 4100 922 4170 Keil]
943 4103 984 4161 εἰς
1002 4098 1087 4155 codd.
1142 4100 1177 4156 15
1195 4093 1286 4153 πολλὰ
1310 4093 1429 4152 ἀέκοντα
1446 4098 1484 4153 P:

415 4209 535 4283 ἔμμεναι
558 4211 694 4263 restituit
712 4206 825 4280 Bergk]
850 4200 882 4261 οὗ
904 4200 996 4281 μόνον
1013 4204 1045 4261 τό
1065 4201 1127 4279 (τὸν
1146 4208 1181 4280 0)
1203 4207 1292 4263 codd:
1347 4208 1380 4262 17
1401 4200 1486 4259 αὐτὸν

415 4312 500 4370 codd.
555 4314 589 4368 19
609 4308 843 4388 ἀποτρεπομένων
862 4315 990 4386 conieci]
1010 4310 1226 4387 ἀποτρεπόντων
1245 4313 1330 4371 codd.

1226 4406 1243 4461 6
