<?xml version="1.0" encoding="UTF-8"?>
<!DOCTYPE html PUBLIC "-//W3C//DTD XHTML 1.0 Transitional//EN"
    "http://www.w3.org/TR/xhtml1/DTD/xhtml1-transitional.dtd">
<html xmlns="http://www.w3.org/1999/xhtml" xml:lang="en" lang="en">
 <head>
  <title>
</title>
<meta http-equiv="Content-Type" content="text/html;charset=utf-8" />
  <meta name='ocr-system' content='tesseract 3.04.00' />
  <meta name='ocr-capabilities' content='ocr_page ocr_carea ocr_par ocr_line ocrx_word'/>
</head>
<body>
  <div class='ocr_page' id='page_1' title='image "./sophistaeanonym00bohlgoog_0051.png"; bbox 0 0 3825 5384; ppageno 0'>
   <div class='ocr_carea' id='block_1_1' title="bbox 762 1587 1076 1671">
    <p class='ocr_par' dir='ltr' id='par_1_1' title="bbox 762 1587 1076 1671">
     <span class='ocr_line' id='line_1_1' title="bbox 762 1587 1076 1671; baseline 0.006 -2"><span class='ocrx_word' id='word_1_1' title='bbox 762 1587 1076 1671; x_wconf 75' lang='lat' dir='ltr'><strong>commentarius.</strong></span> 
     </span>
    </p>
   </div>
   <div class='ocr_carea' id='block_1_2' title="bbox 898 1731 928 1800">
    <p class='ocr_par' dir='ltr' id='par_1_2' title="bbox 898 1731 928 1800">
     <span class='ocr_line' id='line_1_2' title="bbox 898 1731 928 1800; baseline 0 0"><span class='ocrx_word' id='word_1_2' title='bbox 898 1731 928 1800; x_wconf 76' lang='lat' dir='ltr'>A</span> 
     </span>
    </p>
   </div>
   <div class='ocr_carea' id='block_1_3' title="bbox 327 1856 1455 4412">
    <p class='ocr_par' dir='ltr' id='par_1_3' title="bbox 329 1856 1455 3551">
     <span class='ocr_line' id='line_1_3' title="bbox 329 1856 1452 1949; baseline -0.001 -24"><span class='ocrx_word' id='word_1_3' title='bbox 329 1862 347 1925; x_wconf 94' lang='lat'>1</span> <span class='ocrx_word' id='word_1_4' title='bbox 469 1856 524 1921; x_wconf 86' lang='lat' dir='ltr'><strong><em>Ad</em></strong></span> <span class='ocrx_word' id='word_1_5' title='bbox 559 1856 819 1944; x_wconf 87' lang='lat' dir='ltr'><strong>Hippomachum</strong></span> <span class='ocrx_word' id='word_1_6' title='bbox 854 1858 895 1923; x_wconf 86' lang='lat' dir='ltr'><strong><em>cf.</em></strong></span> <span class='ocrx_word' id='word_1_7' title='bbox 927 1856 1012 1925; x_wconf 86' lang='lat' dir='ltr'><strong>Plut.</strong></span> <span class='ocrx_word' id='word_1_8' title='bbox 1045 1859 1124 1948; x_wconf 86' lang='grc' dir='ltr'><strong><em>περί</em></strong></span> <span class='ocrx_word' id='word_1_9' title='bbox 1159 1856 1403 1949; x_wconf 79' lang='grc' dir='ltr'><strong><em>φιλοπλουτίας</em></strong></span> <span class='ocrx_word' id='word_1_10' title='bbox 1435 1861 1452 1924; x_wconf 96' lang='lat'>1</span> 
     </span>
     <span class='ocr_line' id='line_1_4' title="bbox 382 1956 1455 2057; baseline 0.001 -29"><span class='ocrx_word' id='word_1_11' title='bbox 382 1960 473 2048; x_wconf 89' lang='lat' dir='ltr'><strong>(mor.</strong></span> <span class='ocrx_word' id='word_1_12' title='bbox 491 1965 556 2031; x_wconf 85' lang='grc'><strong><em>523</em></strong></span> <span class='ocrx_word' id='word_1_13' title='bbox 566 1963 629 2049; x_wconf 91' lang='lat' dir='ltr'><strong><em>D):</em></strong></span> <span class='ocrx_word' id='word_1_14' title='bbox 653 1956 859 2049; x_wconf 79' lang='grc' dir='ltr'><em>Ἱππόμαχος</em></span> <span class='ocrx_word' id='word_1_15' title='bbox 882 1956 899 2031; x_wconf 81' lang='grc' dir='ltr'><em>ὃ</em></span> <span class='ocrx_word' id='word_1_16' title='bbox 923 1956 1095 2057; x_wconf 72' lang='grc' dir='ltr'><strong><em>ἀλείπτης,</em></strong></span> <span class='ocrx_word' id='word_1_17' title='bbox 1120 1962 1343 2035; x_wconf 76' lang='grc' dir='ltr'><strong><em>ἐπαινούντων</em></strong></span> <span class='ocrx_word' id='word_1_18' title='bbox 1358 1970 1455 2033; x_wconf 81' lang='grc' dir='ltr'><strong><em>τινῶν</em></strong></span> 
     </span>
     <span class='ocr_line' id='line_1_5' title="bbox 381 2062 1454 2162; baseline 0.005 -27"><span class='ocrx_word' id='word_1_19' title='bbox 381 2062 565 2159; x_wconf 81' lang='grc' dir='ltr'><strong><em>ἷίνθρωπον</em></strong></span> <span class='ocrx_word' id='word_1_20' title='bbox 589 2064 711 2161; x_wconf 76' lang='grc' dir='ltr'><strong><em>εὐμήκη</em></strong></span> <span class='ocrx_word' id='word_1_21' title='bbox 739 2072 796 2138; x_wconf 79' lang='grc' dir='ltr'><strong><em>καί</em></strong></span> <span class='ocrx_word' id='word_1_22' title='bbox 823 2068 950 2161; x_wconf 78' lang='grc' dir='ltr'><strong><em>μακρὰς</em></strong></span> <span class='ocrx_word' id='word_1_23' title='bbox 978 2070 1092 2157; x_wconf 62' lang='lat' dir='ltr'><strong>bigorra</strong></span> <span class='ocrx_word' id='word_1_24' title='bbox 1120 2078 1229 2162; x_wconf 85' lang='grc' dir='ltr'><strong><em>χεῖρας</em></strong></span> <span class='ocrx_word' id='word_1_25' title='bbox 1261 2067 1305 2153; x_wconf 84' lang='grc' dir='ltr'><strong><em>ὡς</em></strong></span> <span class='ocrx_word' id='word_1_26' title='bbox 1335 2100 1454 2140; x_wconf 73' lang='grc' dir='ltr'><strong><em>πυκτι-</em></strong></span> 
     </span>
     <span class='ocr_line' id='line_1_6' title="bbox 380 2174 1452 2271; baseline 0 -28"><span class='ocrx_word' id='word_1_27' title='bbox 380 2174 452 2245; x_wconf 88' lang='grc' dir='ltr'><strong><em>κόν·</em></strong></span> <span class='ocrx_word' id='word_1_28' title='bbox 480 2174 582 2266; x_wconf 77' lang='grc' dir='ltr'><strong><em>εἴπερ,</em></strong></span> <span class='ocrx_word' id='word_1_29' title='bbox 610 2176 686 2268; x_wconf 71' lang='grc' dir='ltr'><strong><em>ἔφη,</em></strong></span> <span class='ocrx_word' id='word_1_30' title='bbox 711 2181 865 2246; x_wconf 73' lang='grc' dir='ltr'><strong><em>καθελεῖν</em></strong></span> <span class='ocrx_word' id='word_1_31' title='bbox 889 2177 955 2247; x_wconf 75' lang='grc' dir='ltr'><strong><em>ἔδει</em></strong></span> <span class='ocrx_word' id='word_1_32' title='bbox 979 2179 1036 2247; x_wconf 84' lang='grc' dir='ltr'><strong><em>τὸν</em></strong></span> <span class='ocrx_word' id='word_1_33' title='bbox 1059 2180 1221 2271; x_wconf 82' lang='grc' dir='ltr'><strong><em>στέφανον</em></strong></span> <span class='ocrx_word' id='word_1_34' title='bbox 1242 2178 1452 2270; x_wconf 78' lang='grc' dir='ltr'><strong><em>κρεμάμενον.</em></strong></span> 
     </span>
     <span class='ocr_line' id='line_1_7' title="bbox 385 2281 1455 2376; baseline 0.004 -27"><span class='ocrx_word' id='word_1_35' title='bbox 385 2283 480 2351; x_wconf 84' lang='grc' dir='ltr'><strong><em>Τοῦτ’</em></strong></span> <span class='ocrx_word' id='word_1_36' title='bbox 497 2282 586 2351; x_wconf 79' lang='grc' dir='ltr'><strong><em>ἐστιν</em></strong></span> <span class='ocrx_word' id='word_1_37' title='bbox 617 2282 725 2353; x_wconf 80' lang='grc' dir='ltr'><strong><em>εἰπεῖν</em></strong></span> <span class='ocrx_word' id='word_1_38' title='bbox 758 2281 843 2374; x_wconf 80' lang='grc' dir='ltr'><strong><em>πρὸς</em></strong></span> <span class='ocrx_word' id='word_1_39' title='bbox 873 2282 948 2367; x_wconf 83' lang='grc' dir='ltr'><strong><em>τούς</em></strong></span> <span class='ocrx_word' id='word_1_40' title='bbox 979 2281 1021 2353; x_wconf 75' lang='grc' dir='ltr'><strong><em>τοί</em></strong></span> <span class='ocrx_word' id='word_1_41' title='bbox 1053 2285 1139 2354; x_wconf 83' lang='grc' dir='ltr'><strong><em>καλὰ</em></strong></span> <span class='ocrx_word' id='word_1_42' title='bbox 1170 2285 1274 2376; x_wconf 86' lang='grc' dir='ltr'><strong><em>χωρία</em></strong></span> <span class='ocrx_word' id='word_1_43' title='bbox 1306 2287 1365 2355; x_wconf 80' lang='grc' dir='ltr'><strong><em>καί</em></strong></span> <span class='ocrx_word' id='word_1_44' title='bbox 1395 2281 1455 2365; x_wconf 76' lang='grc' dir='ltr'><strong><em>τὰς</em></strong></span> 
     </span>
     <span class='ocr_line' id='line_1_8' title="bbox 379 2385 1454 2485; baseline 0.001 -27"><span class='ocrx_word' id='word_1_45' title='bbox 379 2387 523 2479; x_wconf 77' lang='grc' dir='ltr'><strong><em>μεγάλας</em></strong></span> <span class='ocrx_word' id='word_1_46' title='bbox 554 2390 663 2473; x_wconf 81' lang='grc' dir='ltr'><strong><em>οἰκίας</em></strong></span> <span class='ocrx_word' id='word_1_47' title='bbox 689 2391 747 2459; x_wconf 81' lang='grc' dir='ltr'><strong><em>καί</em></strong></span> <span class='ocrx_word' id='word_1_48' title='bbox 769 2388 807 2459; x_wconf 85' lang='grc' dir='ltr'><strong><em>τὸ</em></strong></span> <span class='ocrx_word' id='word_1_49' title='bbox 831 2388 919 2461; x_wconf 80' lang='grc' dir='ltr'><strong><em>πολύ</em></strong></span> <span class='ocrx_word' id='word_1_50' title='bbox 952 2388 1103 2483; x_wconf 75' lang='grc' dir='ltr'><strong><em>ἀργύριον</em></strong></span> <span class='ocrx_word' id='word_1_51' title='bbox 1133 2385 1454 2485; x_wconf 75' lang='grc' dir='ltr'><strong><em>ὑπερεκπεπληγμέ-</em></strong></span> 
     </span>
     <span class='ocr_line' id='line_1_9' title="bbox 380 2498 1454 2591; baseline 0.002 -27"><span class='ocrx_word' id='word_1_52' title='bbox 380 2524 451 2579; x_wconf 89' lang='grc' dir='ltr'><strong><em>νους</em></strong></span> <span class='ocrx_word' id='word_1_53' title='bbox 483 2499 541 2567; x_wconf 80' lang='grc' dir='ltr'><strong><em>καί</em></strong></span> <span class='ocrx_word' id='word_1_54' title='bbox 572 2499 823 2588; x_wconf 80' lang='grc' dir='ltr'><strong><em>μακαρίζοντας·</em></strong></span> <span class='ocrx_word' id='word_1_55' title='bbox 857 2498 918 2589; x_wconf 76' lang='grc' dir='ltr'><strong><em>εἴγ’</em></strong></span> <span class='ocrx_word' id='word_1_56' title='bbox 936 2498 1001 2569; x_wconf 76' lang='grc' dir='ltr'><strong><em>ἔδει</em></strong></span> <span class='ocrx_word' id='word_1_57' title='bbox 1032 2500 1251 2591; x_wconf 79' lang='grc' dir='ltr'><strong><em>πωλουμένην</em></strong></span> <span class='ocrx_word' id='word_1_58' title='bbox 1283 2498 1454 2589; x_wconf 86' lang='grc' dir='ltr'><strong><em>πρίασθαι</em></strong></span> 
     </span>
     <span class='ocr_line' id='line_1_10' title="bbox 379 2589 1454 2697; baseline 0.001 -26"><span class='ocrx_word' id='word_1_59' title='bbox 379 2600 437 2697; x_wconf 76' lang='grc' dir='ltr'><strong><em>τὴν</em></strong></span> <span class='ocrx_word' id='word_1_60' title='bbox 460 2600 680 2692; x_wconf 65' lang='grc' dir='ltr'><strong><em>εὐδαιμονίαν.</em></strong></span> <span class='ocrx_word' id='word_1_61' title='bbox 727 2607 767 2672; x_wconf 87' lang='lat' dir='ltr'><strong><em>de</em></strong></span> <span class='ocrx_word' id='word_1_62' title='bbox 791 2606 861 2672; x_wconf 87' lang='lat' dir='ltr'><strong>aliis</strong></span> <span class='ocrx_word' id='word_1_63' title='bbox 881 2589 1051 2673; x_wconf 79' lang='lat' dir='ltr'><strong>Plutarchi</strong></span> <span class='ocrx_word' id='word_1_64' title='bbox 1074 2608 1264 2674; x_wconf 79' lang='lat' dir='ltr'><strong>imitationis</strong></span> <span class='ocrx_word' id='word_1_65' title='bbox 1287 2608 1376 2696; x_wconf 89' lang='lat' dir='ltr'><strong>apud</strong></span> <span class='ocrx_word' id='word_1_66' title='bbox 1398 2630 1454 2672; x_wconf 92' lang='lat' dir='ltr'><strong><em>no·</em></strong></span> 
     </span>
     <span class='ocr_line' id='line_1_11' title="bbox 379 2713 1453 2802; baseline 0 -24"><span class='ocrx_word' id='word_1_67' title='bbox 379 2722 481 2778; x_wconf 87' lang='lat' dir='ltr'><strong>strum</strong></span> <span class='ocrx_word' id='word_1_68' title='bbox 504 2713 651 2799; x_wconf 86' lang='lat' dir='ltr'><strong>vestigiis</strong></span> <span class='ocrx_word' id='word_1_69' title='bbox 676 2714 716 2780; x_wconf 79' lang='lat' dir='ltr'><strong><em>cf.</em></strong></span> <span class='ocrx_word' id='word_1_70' title='bbox 741 2736 772 2802; x_wconf 89' lang='lat' dir='ltr'><strong><em>p.</em></strong></span> <span class='ocrx_word' id='word_1_71' title='bbox 798 2718 851 2782; x_wconf 88' lang='lat'><strong><em>30.</em></strong></span> <span class='ocrx_word' id='word_1_72' title='bbox 897 2715 1034 2780; x_wconf 79' lang='lat' dir='ltr'><strong>similem</strong></span> <span class='ocrx_word' id='word_1_73' title='bbox 1061 2716 1283 2782; x_wconf 79' lang='lat' dir='ltr'><strong>narrationem</strong></span> <span class='ocrx_word' id='word_1_74' title='bbox 1309 2716 1349 2781; x_wconf 91' lang='lat' dir='ltr'><strong><em>de</em></strong></span> <span class='ocrx_word' id='word_1_75' title='bbox 1372 2714 1453 2801; x_wconf 90' lang='lat' dir='ltr'><strong>Hip·</strong></span> 
     </span>
     <span class='ocr_line' id='line_1_12' title="bbox 380 2818 1452 2909; baseline 0.003 -26"><span class='ocrx_word' id='word_1_76' title='bbox 380 2818 535 2905; x_wconf 85' lang='lat' dir='ltr'><strong>pomacho</strong></span> <span class='ocrx_word' id='word_1_77' title='bbox 552 2820 652 2907; x_wconf 88' lang='lat' dir='ltr'><strong>alipta</strong></span> <span class='ocrx_word' id='word_1_78' title='bbox 669 2820 778 2908; x_wconf 91' lang='lat' dir='ltr'><strong>aliquo</strong></span> <span class='ocrx_word' id='word_1_79' title='bbox 794 2820 894 2888; x_wconf 90' lang='lat' dir='ltr'><strong>habet</strong></span> <span class='ocrx_word' id='word_1_80' title='bbox 904 2822 1060 2887; x_wconf 80' lang='lat' dir='ltr'><strong>Aelianus</strong></span> <span class='ocrx_word' id='word_1_81' title='bbox 1073 2822 1113 2887; x_wconf 92' lang='lat' dir='ltr'><strong><em>V.</em></strong></span> <span class='ocrx_word' id='word_1_82' title='bbox 1125 2823 1169 2887; x_wconf 90' lang='lat' dir='ltr'><strong><em>H.</em></strong></span> <span class='ocrx_word' id='word_1_83' title='bbox 1179 2824 1219 2889; x_wconf 92' lang='grc' dir='ltr'>Π</span> <span class='ocrx_word' id='word_1_84' title='bbox 1229 2825 1260 2906; x_wconf 85' lang='grc'><strong><em>6,</em></strong></span> <span class='ocrx_word' id='word_1_85' title='bbox 1278 2823 1318 2888; x_wconf 87' lang='lat' dir='ltr'><strong><em>de</em></strong></span> <span class='ocrx_word' id='word_1_86' title='bbox 1328 2822 1452 2909; x_wconf 92' lang='lat' dir='ltr'><strong>Hippo·</strong></span> 
     </span>
     <span class='ocr_line' id='line_1_13' title="bbox 381 2923 1451 3002; baseline 0.003 -11"><span class='ocrx_word' id='word_1_87' title='bbox 381 2923 494 2991; x_wconf 92' lang='lat' dir='ltr'><strong>macho</strong></span> <span class='ocrx_word' id='word_1_88' title='bbox 517 2925 656 2993; x_wconf 78' lang='lat' dir='ltr'><strong>tibicina</strong></span> <span class='ocrx_word' id='word_1_89' title='bbox 678 2927 762 2994; x_wconf 90' lang='lat' dir='ltr'><strong><em>XIV</em></strong></span> <span class='ocrx_word' id='word_1_90' title='bbox 783 2932 813 2995; x_wconf 87' lang='grc'><strong><em>8.</em></strong></span> <span class='ocrx_word' id='word_1_91' title='bbox 831 2967 874 2977; x_wconf 86' lang='lat'><em>-</em></span> <span class='ocrx_word' id='word_1_92' title='bbox 890 2929 995 2995; x_wconf 81' lang='lat' dir='ltr'><strong>Verbi</strong></span> <span class='ocrx_word' id='word_1_93' title='bbox 1018 2930 1169 2997; x_wconf 79' lang='grc' dir='ltr'><strong><em>ἐπαινεῖν</em></strong></span> <span class='ocrx_word' id='word_1_94' title='bbox 1192 2953 1267 2995; x_wconf 91' lang='lat' dir='ltr'><strong><em>cum</em></strong></span> <span class='ocrx_word' id='word_1_95' title='bbox 1289 2930 1451 3002; x_wconf 88' lang='lat' dir='ltr'><strong>infinitivo</strong></span> 
     </span>
     <span class='ocr_line' id='line_1_14' title="bbox 379 3033 1450 3122; baseline 0.004 -25"><span class='ocrx_word' id='word_1_96' title='bbox 379 3042 542 3099; x_wconf 78' lang='lat' dir='ltr'><strong>structura</strong></span> <span class='ocrx_word' id='word_1_97' title='bbox 570 3033 732 3122; x_wconf 88' lang='lat' dir='ltr'><strong>displicet;</strong></span> <span class='ocrx_word' id='word_1_98' title='bbox 765 3036 976 3122; x_wconf 83' lang='lat' dir='ltr'><strong>participium</strong></span> <span class='ocrx_word' id='word_1_99' title='bbox 999 3036 1177 3102; x_wconf 86' lang='lat' dir='ltr'><strong>subiiciunt</strong></span> <span class='ocrx_word' id='word_1_100' title='bbox 1199 3048 1232 3102; x_wconf 91' lang='lat' dir='ltr'><strong>et</strong></span> <span class='ocrx_word' id='word_1_101' title='bbox 1254 3046 1366 3102; x_wconf 83' lang='lat' dir='ltr'><strong>noster·</strong></span> <span class='ocrx_word' id='word_1_102' title='bbox 1388 3038 1407 3122; x_wconf 65' lang='grc' dir='ltr'><strong>ἓ</strong></span> <span class='ocrx_word' id='word_1_103' title='bbox 1430 3038 1450 3101; x_wconf 84' lang='grc'>2</span> 
     </span>
     <span class='ocr_line' id='line_1_15' title="bbox 380 3128 1452 3231; baseline 0.004 -27"><span class='ocrx_word' id='word_1_104' title='bbox 380 3130 424 3220; x_wconf 72' lang='grc' dir='ltr'><strong><em>τίς</em></strong></span> <span class='ocrx_word' id='word_1_105' title='bbox 447 3128 525 3207; x_wconf 77' lang='grc' dir='ltr'><strong><em>ύντα</em></strong></span> <span class='ocrx_word' id='word_1_106' title='bbox 548 3151 581 3207; x_wconf 88' lang='lat' dir='ltr'><strong>et</strong></span> <span class='ocrx_word' id='word_1_107' title='bbox 604 3141 688 3207; x_wconf 90' lang='lat' dir='ltr'><strong>Plut.</strong></span> <span class='ocrx_word' id='word_1_108' title='bbox 711 3141 733 3206; x_wconf 94' lang='lat' dir='ltr'><strong><em>l.</em></strong></span> <span class='ocrx_word' id='word_1_109' title='bbox 757 3142 776 3209; x_wconf 92' lang='lat' dir='ltr'><strong><em>l.</em></strong></span> <span class='ocrx_word' id='word_1_110' title='bbox 800 3140 1028 3211; x_wconf 76' lang='grc' dir='ltr'><strong><em>ἐπαινούντων</em></strong></span> <span class='ocrx_word' id='word_1_111' title='bbox 1052 3136 1096 3223; x_wconf 78' lang='grc' dir='ltr'><strong><em>ὦς</em></strong></span> <span class='ocrx_word' id='word_1_112' title='bbox 1118 3140 1288 3211; x_wconf 87' lang='grc' dir='ltr'><strong><em>πυιτικόν.</em></strong></span> <span class='ocrx_word' id='word_1_113' title='bbox 1310 3181 1356 3194; x_wconf 98' lang='grc'>-</span> <span class='ocrx_word' id='word_1_114' title='bbox 1379 3153 1452 3231; x_wconf 87' lang='lat' dir='ltr'><strong>post</strong></span> 
     </span>
     <span class='ocr_line' id='line_1_16' title="bbox 377 3244 1451 3340; baseline 0.003 -27"><span class='ocrx_word' id='word_1_115' title='bbox 377 3247 488 3337; x_wconf 82' lang='grc' dir='ltr'><strong><em>τέχνην</em></strong></span> <span class='ocrx_word' id='word_1_116' title='bbox 511 3246 638 3313; x_wconf 78' lang='lat' dir='ltr'><strong>excidit</strong></span> <span class='ocrx_word' id='word_1_117' title='bbox 667 3250 758 3314; x_wconf 86' lang='lat' dir='ltr'><strong>vocis</strong></span> <span class='ocrx_word' id='word_1_118' title='bbox 791 3244 875 3317; x_wconf 81' lang='grc' dir='ltr'><strong><em>εἶναι</em></strong></span> <span class='ocrx_word' id='word_1_119' title='bbox 907 3249 1107 3335; x_wconf 85' lang='lat' dir='ltr'><strong>subiectum,</strong></span> <span class='ocrx_word' id='word_1_120' title='bbox 1141 3251 1228 3338; x_wconf 87' lang='lat' dir='ltr'><strong>quod</strong></span> <span class='ocrx_word' id='word_1_121' title='bbox 1256 3251 1335 3338; x_wconf 89' lang='lat' dir='ltr'><strong>quin</strong></span> <span class='ocrx_word' id='word_1_122' title='bbox 1363 3252 1404 3316; x_wconf 91' lang='lat' dir='ltr'><strong><em>sit</em></strong></span> <span class='ocrx_word' id='word_1_123' title='bbox 1430 3246 1451 3340; x_wconf 78' lang='grc' dir='ltr'>ἡ</span> 
     </span>
     <span class='ocr_line' id='line_1_17' title="bbox 377 3349 1448 3448; baseline 0.005 -29"><span class='ocrx_word' id='word_1_124' title='bbox 377 3349 521 3445; x_wconf 74' lang='grc' dir='ltr'><strong><em>ποιτικὴ</em></strong></span> <span class='ocrx_word' id='word_1_125' title='bbox 538 3377 633 3421; x_wconf 91' lang='lat' dir='ltr'><strong>nemo</strong></span> <span class='ocrx_word' id='word_1_126' title='bbox 650 3356 824 3426; x_wconf 87' lang='lat' dir='ltr'><strong>dubitabit.</strong></span> <span class='ocrx_word' id='word_1_127' title='bbox 841 3396 886 3406; x_wconf 94' lang='lat'><em>-</em></span> <span class='ocrx_word' id='word_1_128' title='bbox 902 3358 945 3423; x_wconf 87' lang='lat' dir='ltr'><strong><em>ad</em></strong></span> <span class='ocrx_word' id='word_1_129' title='bbox 960 3359 1074 3448; x_wconf 82' lang='grc' dir='ltr'><strong><em>τέχνην</em></strong></span> <span class='ocrx_word' id='word_1_130' title='bbox 1089 3358 1147 3426; x_wconf 84' lang='grc' dir='ltr'><strong><em>καί</em></strong></span> <span class='ocrx_word' id='word_1_131' title='bbox 1162 3358 1299 3448; x_wconf 78' lang='grc' dir='ltr'><strong><em>μελέτην</em></strong></span> <span class='ocrx_word' id='word_1_132' title='bbox 1311 3358 1351 3424; x_wconf 84' lang='lat' dir='ltr'><strong><em>cl.</em></strong></span> <span class='ocrx_word' id='word_1_133' title='bbox 1361 3358 1448 3424; x_wconf 89' lang='lat' dir='ltr'><strong>Plut.</strong></span> 
     </span>
     <span class='ocr_line' id='line_1_18' title="bbox 378 3461 1290 3551; baseline 0.009 -26"><span class='ocrx_word' id='word_1_134' title='bbox 378 3461 418 3526; x_wconf 90' lang='lat' dir='ltr'><strong><em>de</em></strong></span> <span class='ocrx_word' id='word_1_135' title='bbox 441 3461 509 3528; x_wconf 90' lang='lat' dir='ltr'><strong>soll.</strong></span> <span class='ocrx_word' id='word_1_136' title='bbox 535 3462 663 3529; x_wconf 88' lang='lat' dir='ltr'><strong>animal.</strong></span> <span class='ocrx_word' id='word_1_137' title='bbox 686 3465 751 3531; x_wconf 74' lang='lat'><strong><em>927</em></strong></span> <span class='ocrx_word' id='word_1_138' title='bbox 763 3462 803 3528; x_wconf 88' lang='lat' dir='ltr'><strong><em>A.</em></strong></span> <span class='ocrx_word' id='word_1_139' title='bbox 849 3462 933 3530; x_wconf 90' lang='lat' dir='ltr'><strong>Plat.</strong></span> <span class='ocrx_word' id='word_1_140' title='bbox 958 3490 984 3531; x_wconf 94' lang='lat' dir='ltr'><strong><em>r.</em></strong></span> <span class='ocrx_word' id='word_1_141' title='bbox 1008 3488 1038 3551; x_wconf 93' lang='lat' dir='ltr'><strong><em>p.</em></strong></span> <span class='ocrx_word' id='word_1_142' title='bbox 1063 3464 1226 3532; x_wconf 79' lang='lat'>402130.</span> <span class='ocrx_word' id='word_1_143' title='bbox 1250 3465 1290 3533; x_wconf 88' lang='lat' dir='ltr'><strong><em>al</em></strong></span> 
     </span>
    </p>

    <p class='ocr_par' dir='ltr' id='par_1_4' title="bbox 327 3562 1450 4412">
     <span class='ocr_line' id='line_1_19' title="bbox 327 3562 1450 3659; baseline 0.002 -24"><span class='ocrx_word' id='word_1_144' title='bbox 327 3571 347 3635; x_wconf 89' lang='lat'><strong>3</strong></span> <span class='ocrx_word' id='word_1_145' title='bbox 466 3562 620 3654; x_wconf 75' lang='grc' dir='ltr'><strong><em>ἀτιμάζει</em></strong></span> <span class='ocrx_word' id='word_1_146' title='bbox 638 3571 885 3656; x_wconf 83' lang='lat' dir='ltr'><strong>interpolatum3</strong></span> <span class='ocrx_word' id='word_1_147' title='bbox 908 3572 1104 3659; x_wconf 87' lang='lat' dir='ltr'><strong>interposuit</strong></span> <span class='ocrx_word' id='word_1_148' title='bbox 1119 3572 1157 3656; x_wconf 88' lang='lat' dir='ltr'><strong>is,</strong></span> <span class='ocrx_word' id='word_1_149' title='bbox 1182 3573 1238 3659; x_wconf 89' lang='lat' dir='ltr'><strong>qui</strong></span> <span class='ocrx_word' id='word_1_150' title='bbox 1253 3573 1297 3638; x_wconf 87' lang='lat' dir='ltr'><strong><em>ad</em></strong></span> <span class='ocrx_word' id='word_1_151' title='bbox 1311 3566 1450 3638; x_wconf 75' lang='lat' dir='ltr'><strong>verbali</strong></span> 
     </span>
     <span class='ocr_line' id='line_1_20' title="bbox 378 3672 1449 3765; baseline 0 -22"><span class='ocrx_word' id='word_1_152' title='bbox 378 3672 475 3759; x_wconf 82' lang='grc' dir='ltr'><strong><em>αύτός</em></strong></span> <span class='ocrx_word' id='word_1_153' title='bbox 506 3674 601 3765; x_wconf 75' lang='grc' dir='ltr'><strong><em>λόγος</em></strong></span> <span class='ocrx_word' id='word_1_154' title='bbox 628 3676 739 3743; x_wconf 89' lang='lat' dir='ltr'><strong>deesse</strong></span> <span class='ocrx_word' id='word_1_155' title='bbox 763 3687 894 3765; x_wconf 87' lang='lat' dir='ltr'><strong>putaret</strong></span> <span class='ocrx_word' id='word_1_156' title='bbox 916 3678 1059 3745; x_wconf 85' lang='lat' dir='ltr'><strong>verbum</strong></span> <span class='ocrx_word' id='word_1_157' title='bbox 1085 3679 1222 3745; x_wconf 89' lang='lat' dir='ltr'><strong>finitum.</strong></span> <span class='ocrx_word' id='word_1_158' title='bbox 1267 3678 1449 3765; x_wconf 86' lang='lat' dir='ltr'><strong>intelligen-</strong></span> 
     </span>
     <span class='ocr_line' id='line_1_21' title="bbox 378 3784 1448 3874; baseline 0.001 -25"><span class='ocrx_word' id='word_1_159' title='bbox 378 3784 586 3850; x_wconf 85' lang='lat' dir='ltr'><strong>domantem</strong></span> <span class='ocrx_word' id='word_1_160' title='bbox 609 3794 672 3849; x_wconf 88' lang='lat' dir='ltr'><strong>est:</strong></span> <span class='ocrx_word' id='word_1_161' title='bbox 700 3784 787 3849; x_wconf 91' lang='lat' dir='ltr'><strong>idem</strong></span> <span class='ocrx_word' id='word_1_162' title='bbox 810 3786 1027 3871; x_wconf 40' lang='lat' dir='ltr'><strong>statuendum!</strong></span> <span class='ocrx_word' id='word_1_163' title='bbox 1052 3788 1081 3852; x_wconf 91' lang='lat' dir='ltr'><strong>si</strong></span> <span class='ocrx_word' id='word_1_164' title='bbox 1105 3788 1177 3874; x_wconf 92' lang='lat' dir='ltr'><strong>quis</strong></span> <span class='ocrx_word' id='word_1_165' title='bbox 1304 3785 1344 3853; x_wconf 82' lang='lat' dir='ltr'><strong><em>cl.</em></strong></span> <span class='ocrx_word' id='word_1_166' title='bbox 1366 3785 1448 3851; x_wconf 87' lang='lat' dir='ltr'><strong>Plat.</strong></span> 
     </span>
     <span class='ocr_line' id='line_1_22' title="bbox 376 3889 1449 3981; baseline 0.002 -26"><span class='ocrx_word' id='word_1_167' title='bbox 376 3890 509 3957; x_wconf 85' lang='lat' dir='ltr'><strong>Theaet.</strong></span> <span class='ocrx_word' id='word_1_168' title='bbox 535 3889 655 3957; x_wconf 84' lang='lat'>1581).</span> <span class='ocrx_word' id='word_1_169' title='bbox 680 3931 721 3942; x_wconf 92' lang='lat'><em>-</em></span> <span class='ocrx_word' id='word_1_170' title='bbox 747 3892 790 3957; x_wconf 89' lang='lat' dir='ltr'><strong><em>ad</em></strong></span> <span class='ocrx_word' id='word_1_171' title='bbox 821 3892 982 3981; x_wconf 84' lang='grc' dir='ltr'><strong><em>προίασιν</em></strong></span> <span class='ocrx_word' id='word_1_172' title='bbox 1009 3893 1145 3959; x_wconf 89' lang='lat' dir='ltr'><strong>contulit</strong></span> <span class='ocrx_word' id='word_1_173' title='bbox 1168 3892 1245 3957; x_wconf 89' lang='lat' dir='ltr'><strong>Keil</strong></span> <span class='ocrx_word' id='word_1_174' title='bbox 1267 3892 1449 3958; x_wconf 83' lang='lat' dir='ltr'><strong>Herodiani</strong></span> 
     </span>
     <span class='ocr_line' id='line_1_23' title="bbox 375 3991 1450 4090; baseline 0.005 -28"><span class='ocrx_word' id='word_1_175' title='bbox 375 3996 485 4063; x_wconf 89' lang='lat' dir='ltr'><strong>histor.</strong></span> <span class='ocrx_word' id='word_1_176' title='bbox 510 3997 565 4063; x_wconf 90' lang='lat' dir='ltr'><strong><em>IX</em></strong></span> <span class='ocrx_word' id='word_1_177' title='bbox 588 4000 623 4063; x_wconf 82' lang='lat'><strong><em>2:</em></strong></span> <span class='ocrx_word' id='word_1_178' title='bbox 648 3994 698 4065; x_wconf 81' lang='grc' dir='ltr'><strong><em>ἐτι</em></strong></span> <span class='ocrx_word' id='word_1_179' title='bbox 721 4024 756 4066; x_wconf 87' lang='grc' dir='ltr'><strong><em>τε</em></strong></span> <span class='ocrx_word' id='word_1_180' title='bbox 779 3992 879 4067; x_wconf 72' lang='lat' dir='ltr'><strong>abaci</strong></span> <span class='ocrx_word' id='word_1_181' title='bbox 900 4000 959 4067; x_wconf 80' lang='grc' dir='ltr'><strong><em>καί</em></strong></span> <span class='ocrx_word' id='word_1_182' title='bbox 981 3995 1092 4067; x_wconf 79' lang='grc' dir='ltr'><strong><em>πολλοὶ</em></strong></span> <span class='ocrx_word' id='word_1_183' title='bbox 1119 3991 1160 4090; x_wconf 77' lang='grc' dir='ltr'><strong><em>ἦν</em></strong></span> <span class='ocrx_word' id='word_1_184' title='bbox 1182 3999 1224 4067; x_wconf 87' lang='grc' dir='ltr'><strong><em>τὰ</em></strong></span> <span class='ocrx_word' id='word_1_185' title='bbox 1246 3999 1332 4089; x_wconf 85' lang='grc' dir='ltr'><strong><em>πρὸς</em></strong></span> <span class='ocrx_word' id='word_1_186' title='bbox 1352 4005 1450 4085; x_wconf 76' lang='grc' dir='ltr'><strong><em>βασι-</em></strong></span> 
     </span>
     <span class='ocr_line' id='line_1_24' title="bbox 375 4094 1449 4197; baseline 0.005 -27"><span class='ocrx_word' id='word_1_187' title='bbox 375 4103 465 4184; x_wconf 86' lang='grc' dir='ltr'><strong><em>λείας</em></strong></span> <span class='ocrx_word' id='word_1_188' title='bbox 496 4102 684 4190; x_wconf 89' lang='grc' dir='ltr'><strong><em>ἐπιθυμίαν</em></strong></span> <span class='ocrx_word' id='word_1_189' title='bbox 716 4095 963 4188; x_wconf 70' lang='grc' dir='ltr'><strong><em>ἀναπείθοντα,</em></strong></span> <span class='ocrx_word' id='word_1_190' title='bbox 996 4103 1141 4175; x_wconf 86' lang='grc' dir='ltr'><strong><em>πλούτου</em></strong></span> <span class='ocrx_word' id='word_1_191' title='bbox 1163 4132 1199 4174; x_wconf 90' lang='grc' dir='ltr'><strong><em>τε</em></strong></span> <span class='ocrx_word' id='word_1_192' title='bbox 1221 4103 1392 4197; x_wconf 79' lang='grc' dir='ltr'><strong><em>περιβολή,</em></strong></span> <span class='ocrx_word' id='word_1_193' title='bbox 1426 4094 1449 4196; x_wconf 70' lang='grc' dir='ltr'>ἢ</span> 
     </span>
     <span class='ocr_line' id='line_1_25' title="bbox 375 4205 1448 4303; baseline 0.006 -27"><span class='ocrx_word' id='word_1_194' title='bbox 375 4205 420 4300; x_wconf 75' lang='grc' dir='ltr'><strong><em>μὴ</em></strong></span> <span class='ocrx_word' id='word_1_195' title='bbox 444 4207 604 4300; x_wconf 88' lang='grc' dir='ltr'><strong><em>πρότερόν</em></strong></span> <span class='ocrx_word' id='word_1_196' title='bbox 626 4237 688 4279; x_wconf 89' lang='grc' dir='ltr'><strong><em>τινι</em></strong></span> <span class='ocrx_word' id='word_1_197' title='bbox 713 4210 915 4281; x_wconf 78' lang='grc' dir='ltr'><strong><em>ἰδιωτεύοντι</em></strong></span> <span class='ocrx_word' id='word_1_198' title='bbox 940 4213 1074 4301; x_wconf 80' lang='grc' dir='ltr'><strong><em>ἐγένετο,</em></strong></span> <span class='ocrx_word' id='word_1_199' title='bbox 1098 4220 1308 4303; x_wconf 83' lang='grc' dir='ltr'><strong><em>στρατιωτῶν</em></strong></span> <span class='ocrx_word' id='word_1_200' title='bbox 1330 4240 1366 4282; x_wconf 87' lang='grc' dir='ltr'><strong><em>τε</em></strong></span> <span class='ocrx_word' id='word_1_201' title='bbox 1387 4220 1448 4282; x_wconf 90' lang='grc' dir='ltr'><strong><em>θε-</em></strong></span> 
     </span>
     <span class='ocr_line' id='line_1_26' title="bbox 376 4309 1449 4412; baseline 0.002 -27"><span class='ocrx_word' id='word_1_202' title='bbox 376 4323 511 4407; x_wconf 85' lang='grc' dir='ltr'><strong><em>ραπεῖαι</em></strong></span> <span class='ocrx_word' id='word_1_203' title='bbox 539 4317 636 4405; x_wconf 88' lang='grc' dir='ltr'><strong><em>τιμαί</em></strong></span> <span class='ocrx_word' id='word_1_204' title='bbox 664 4344 699 4385; x_wconf 88' lang='grc' dir='ltr'><strong><em>τε</em></strong></span> <span class='ocrx_word' id='word_1_205' title='bbox 728 4316 762 4386; x_wconf 85' lang='grc' dir='ltr'><strong><em>αί</em></strong></span> <span class='ocrx_word' id='word_1_206' title='bbox 788 4316 882 4410; x_wconf 78' lang='grc' dir='ltr'><strong><em>παρὰ</em></strong></span> <span class='ocrx_word' id='word_1_207' title='bbox 906 4327 971 4388; x_wconf 82' lang='grc' dir='ltr'><strong><em>τῶν</em></strong></span> <span class='ocrx_word' id='word_1_208' title='bbox 998 4316 1182 4410; x_wconf 76' lang='grc' dir='ltr'><strong><em>ἀρχομένων</em></strong></span> <span class='ocrx_word' id='word_1_209' title='bbox 1206 4319 1315 4412; x_wconf 77' lang='grc' dir='ltr'><strong><em>σχῆμά</em></strong></span> <span class='ocrx_word' id='word_1_210' title='bbox 1338 4348 1387 4406; x_wconf 81' lang='grc' dir='ltr'><strong><em>τε,</em></strong></span> <span class='ocrx_word' id='word_1_211' title='bbox 1421 4309 1449 4410; x_wconf 76' lang='grc' dir='ltr'><em>ᾦ</em></span> 
     </span>
    </p>
   </div>
   <div class='ocr_carea' id='block_1_4' title="bbox 0 0 1918 5384">
    <p class='ocr_par' dir='ltr' id='par_1_5' title="bbox 0 0 1918 5384">
     <span class='ocr_line' id='line_1_27' title="bbox 0 0 1918 5384; baseline 0 3"><span class='ocrx_word' id='word_1_212' title='bbox 0 0 1918 5384; x_wconf 95' lang='lat' dir='ltr'><strong><em> </em></strong></span> 
     </span>
    </p>
   </div>
  </div>
 </body>
</html>
