3825 5384
859 618 1166 684 „52-.

436 792 568 880 explere
602 795 781 881 nequimus.
836 802 948 860 tamen
982 794 1175 882 ambiguum
1202 817 1272 861 esse
1299 817 1363 859 non
1389 806 1506 881 potest,

435 923 518 989 quae
542 901 640 966 fuerit
663 923 785 980 eorum,
808 924 892 987 quae
914 901 1120 983 interierunt,
1143 902 1320 967 sententia:
1347 903 1504 979 „eandem

436 1030 506 1073 esse
530 1030 662 1074 causam
685 1031 812 1091 eorum,
836 1009 892 1096 qui
916 1009 994 1074 vino
1016 1008 1226 1096 indulgeant3
1255 1009 1296 1074 de
1324 1010 1416 1075 cuius
1443 1034 1505 1076 neu

435 1114 606 1181 Platonem
629 1113 855 1202 philosophum
879 1114 961 1181 haec
983 1117 1187 1203 praecepisse
1213 1116 1267 1196 (cf.
1290 1116 1375 1187 Plat,
1391 1116 1454 1204 leg.
1469 1118 1505 1182 Π

437 1224 503 1289 666
527 1221 620 1307 ΒΟ);
644 1222 815 1288 Platonem
839 1233 948 1289 autem
973 1225 1133 1289 comicum
1158 1227 1245 1290 etc.“

383 1331 426 1395 14
526 1328 620 1410 Quae
644 1331 679 1395 in
701 1329 793 1403 libris
816 1331 1045 1417 manuscriptis
1073 1342 1148 1397 sunt
1171 1330 1276 1397 verba
1300 1325 1351 1421 iip'
1375 1323 1431 1400 οὖν
1447 1386 1456 1404 .
1473 1385 1508 1401 ..

436 1438 492 1505 καὶ
515 1434 604 1519 δόξα,
629 1447 665 1503 ut
688 1436 825 1523 gemella
847 1460 969 1520 eorum,
1002 1460 1087 1525 quae
1114 1461 1172 1504 suo
1199 1437 1271 1504 loco
1300 1439 1508 1525 proferuntur

437 1548 455 1627 ξ
481 1546 533 1626 15,
562 1543 699 1610 delenda
727 1554 811 1611 sunt.
858 1545 1019 1630 originem
1047 1554 1218 1611 traxerunt
1242 1569 1286 1611 ex
1310 1547 1507 1630 coniectura,

436 1674 501 1737 qua
527 1649 725 1738 paragraphi
749 1654 791 1719 15
813 1651 912 1717 finem
942 1654 1107 1739 corrigere
1136 1652 1256 1739 aliquis
1285 1665 1421 1719 conatus
1448 1664 1506 1719 est.

437 1797 479 1805 -
496 1758 539 1823 ad
555 1758 697 1824 Platonis
719 1758 841 1831 dictum
858 1758 899 1823 cf.
918 1759 1022 1839 Koch,
1041 1781 1123 1826 com.
1140 1770 1195 1824 att.
1211 1759 1277 1846 frg.
1291 1760 1309 1825 I
1326 1761 1401 1827 657.
1425 1762 1505 1844 203;

436 1866 524 1951 quod
540 1865 663 1930 dictum
672 1864 757 1931 solus
769 1877 877 1931 noster
886 1866 965 1931 facit
974 1866 1130 1949 Platonis,
1146 1867 1187 1931 cf.
1199 1868 1309 1932 adnot.
1321 1866 1391 1951 ad§
1404 1869 1456 1935 15.
1465 1904 1507 1916 -

436 1972 546 2038 verbis
569 1962 607 2039 οὗ
631 1970 796 2041 στιόπτων
812 1970 877 2040 ani.
917 1972 1018 2038 alium
1033 1972 1185 2059 obiurgat
1199 1973 1386 2059 sophistam,
1410 1996 1506 2061 quem

436 2079 553 2148 vocula
575 2080 663 2161 τινὸς
685 2091 878 2167 nugatorem
900 2082 1049 2167 ineptum
1073 2082 1234 2168 designat.
1260 2119 1302 2129 —

384 2188 441 2265 15,
526 2187 637 2253 Verba
659 2186 727 2256 εἴτε
747 2186 953 2274 λιβανωτὸς.
972 2240 980 2254 .
998 2242 1004 2254 .
1021 2185 1176 2277 ἱνατέροο
1193 2198 1230 2252 111
1245 2188 1509 2254 antecedentium

438 2295 714 2382 explanationem,
758 2318 832 2361 cum
876 2294 965 2360 nullo
1002 2307 1100 2381 pacto
1138 2296 1238 2361 totius
1276 2297 1507 2363 enuntiationis

437 2412 620 2471 structurae
643 2414 776 2491 possent
798 2405 912 2486 intexi,
939 2403 1127 2488 parenthesi
1154 2402 1281 2469 inclusi.
1305 2442 1348 2451 —
1374 2404 1416 2468 ad
1439 2427 1508 2469 sen·
1536 2425 1541 2467 ·.

436 2513 572 2577 tentiam
596 2511 636 2578 of.
653 2511 754 2592 Diels,
778 2511 970 2577 Vorsokrat.
987 2510 1119 2575 Heracl.
1143 2509 1205 2597 frg.
1223 2512 1279 2590 67.
1304 2549 1347 2559 -
1370 2516 1439 2591 τοῖς
1461 2508 1508 2591 εἰς

437 2609 554 2699 αὖτοὺς
577 2618 630 2685 sol.
654 2617 729 2697 τοὺς
759 2612 917 2706 ἀγαθούς.
942 2657 984 2666 -
1009 2618 1052 2683 ad
1079 2622 1149 2697 τοῖς
1174 2615 1315 2706 τρόποις
1337 2622 1402 2685 τῶν
1423 2644 1509 2707 χρω-

436 2726 543 2811 μένων
565 2722 632 2794 κτὶ.
679 2725 718 2790 cf.
744 2726 873 2809 Nauck,
905 2735 990 2811 trag.
1016 2724 1131 2793 Graec.
1159 2725 1240 2811 frg.²
1264 2726 1341 2791 787.
1366 2727 1420 2808 16,
1452 2725 1509 2790 ubi

436 2832 535 2920 vulgo
559 2831 758 2899 attribuntur
781 2832 1007 2899 Chaeremoni.
1035 2872 1076 2881 -
1269 2829 1271 2833 ’
1511 2869 1515 2875 ·

387 2944 425 3009 17
526 2941 591 3006 Pro
614 2933 787 3009 κάλλιστον
810 2950 966 3027 expectat
984 2940 1061 3006 Keil
1083 2942 1300 3007 καλλιστεῖον.
1348 2938 1388 3007 cf.
1411 2938 1509 3025 Soph.

436 3048 499 3124 Αἱ.
515 3050 591 3116 435.
615 3048 693 3113 Ε111.
716 3047 787 3134 Iph.
811 3047 849 3113 Τ.
875 3050 927 3115 23.
951 3048 1032 3113 Luc.
1056 3048 1144 3113 deor.
1164 3046 1240 3112 dial.
1265 3049 1372 3113 20..1.
1418 3057 1452 3111 at
1475 3047 1510 3111 in

438 3165 625 3221 contextum
648 3168 757 3220 tamen
781 3155 816 3220 id
839 3156 944 3240 recipi
966 3155 1088 3237 vetuit,
1112 3156 1204 3240 quia,
1230 3164 1267 3218 ut
1294 3142 1427 3242 άριστον
1449 3174 1508 3239 pro
1621 3206 1625 3216 ,

438 3257 601 3352 ἀριστεῖον
623 3263 840 3345 inveniretur,
863 3264 910 3327 ita
932 3262 993 3327 hoc
1015 3261 1086 3327 loco
1105 3259 1281 3329 κάλλιστον
1295 3282 1354 3347 pro
1376 3261 1508 3327 καλλισ-

437 3374 524 3439 τεῖον
546 3369 688 3455 positum
713 3392 782 3435 esse
805 3370 919 3455 negari
942 3393 1009 3435 non
1032 3380 1153 3454 posset.
1180 3409 1221 3418 —

385 3486 426 3551 18
526 3475 581 3542 Ad
603 3467 638 3545 εὖ
666 3482 774 3544 ποιῶν
797 3475 854 3544 τὸν
876 3478 1020 3544 πλοῦτον
1043 3475 1082 3540 cf.
1104 3476 1298 3541 Poemandr.
1321 3475 1371 3540 ed.
1397 3473 1509 3539 Parth.

436 3584 490 3656 IX
505 3587 540 3649 4:
565 3582 606 3651 τά
625 3578 712 3651 κακά
729 3578 945 3672 άμοθοττοιεῖ.
963 3606 1081 3668 -pro
1105 3580 1278 3667 ἱστάμενον
1300 3580 1510 3648 scribendum

439 3688 622 3777 ἱστάμενος;
647 3714 722 3755 nem
747 3690 857 3755 verbis
881 3683 988 3758 rite..
1007 3687 1229 3775 ..ἱστάμενος
1252 3711 1326 3754 cum
1349 3688 1512 3775 explicen·
1599 3682 1603 3692 ’

438 3810 492 3864 tur
515 3798 766 3864 antecendentia
794 3788 828 3865 εὖ
859 3803 978 3882 ποιῶν,
1010 3819 1141 3863 necesse
1173 3807 1223 3862 est
1256 3798 1342 3861 idem
1373 3795 1436 3861 illis
1467 3798 1508 3861 sit

438 3905 621 3989 subiectum
653 3916 751 3991 atque
782 3904 846 3988 his,
875 3905 897 3970 i.
922 3928 949 3973 e.
977 3899 1067 3995 ἀνήρ.
1097 3943 1138 3953 -
1162 3904 1308 3969 medium
1340 3899 1512 3988 ἱστάμενος

438 4036 498 4098 pro
517 4014 623 4078 activo
648 4007 741 4091 ἱστάς
762 4011 993 4098 pervulgatum
1016 4012 1103 4097 apud
1126 4011 1283 4077 atticistas
1300 4009 1518 4097 (Schmile.

439 4119 529 4206 616).
577 4120 617 4184 cf.
634 4119 783 4185 Philostr.
807 4143 839 4185 v.
863 4143 887 4186 s.
912 4121 988 4202 125,
1012 4122 1032 4185 8
1056 4115 1287 4208 προοστήσατο
1313 4107 1412 4185 αάτὸν
1430 4165 1437 4180 .
1454 4170 1462 4184 .
1478 4161 1514 4179 ..

439 4230 503 4294 τῶν
535 4231 743 4317 συνηγοριῶν.
795 4227 837 4291 ad
870 4222 1043 4312 ἱστάμενος
1075 4225 1115 4290 cf.
1147 4225 1229 4296 Hor.
1252 4227 1366 4291 carm.
1397 4224 1447 4289 [V
1456 4279 1459 4283 .
1479 4226 1511 4291 8:

439 4334 554 4400 sollers
577 4355 668 4399 onoc
692 4332 856 4399 homiaem
874 4354 999 4417 ponere
1022 4352 1114 4398 aeae
1137 4332 1246 4397 deum.
1267 4370 1317 4386 .—
1363 4410 1367 4415 ι
