3825 5384
760 635 1034 701 ·-59-

385 815 450 881 loci
472 835 541 878 esse
564 814 727 899 cognovit,
751 814 809 879 sed
832 813 876 879 ad
899 814 1135 899 sepertinere,
1159 813 1199 878 de
1215 811 1335 899 quibus
1351 822 1457 879 orator

386 926 429 1005 ἐξ
451 923 503 987 30.
527 924 569 989 31
601 920 788 1006 disputavit.
843 920 987 1005 expulsis
1022 930 1133 987 autem
1162 919 1213 984 his
1243 919 1354 986 verbis
1384 919 1457 986 reli·

388 1052 453 1116 qua
474 1028 571 1093 facile
591 1027 824 1113 expediuntur3
850 1049 930 1092 voce
955 1021 1051 1115 ἀρχαί
1074 1037 1211 1113 apparet
1230 1028 1458 1113 magistratum

387 1135 576 1222 significari,
600 1134 652 1199 ad
681 1156 799 1221 quem
822 1133 1072 1219 vectigalia,
1096 1133 1137 1199 de
1161 1134 1280 1221 quibus
1302 1132 1365 1200 boc
1388 1134 1458 1201 loco

388 1245 509 1329 agitur,
537 1241 733 1328 pensitanda
756 1242 835 1326 sint3
865 1240 1059 1307 exciderunt
1082 1242 1182 1327 igitur
1205 1251 1238 1306 et
1260 1243 1458 1327 praepositio

387 1350 471 1437 πρὸς
494 1359 570 1415 ante
593 1343 651 1429 τὰς
674 1343 775 1437 ἀρχὰς
798 1360 829 1414 et
849 1372 926 1431 vox,
951 1371 1035 1436 quae
1051 1359 1143 1414 sonat
1159 1348 1344 1435 vectigalia,
1367 1350 1460 1429 τέλος

387 1467 444 1523 aut
458 1453 559 1547 φόρος
575 1509 583 1522 .
600 1454 703 1546 φόρος
718 1467 827 1521 autem
845 1455 1097 1543 praeferendum
1113 1465 1162 1521 est
1178 1465 1211 1521 et
1225 1465 1356 1543 propter
1373 1450 1460 1523 ἀπο-

387 1568 499 1646 τελεῖν,
524 1563 611 1650 quod
627 1564 735 1629 statim
750 1565 903 1650 sequitur,
920 1574 953 1629 et
968 1573 1103 1648 propter
1119 1560 1156 1629 οἳ
1170 1562 1357 1638 relativum,
1374 1564 1460 1651 quod

387 1671 543 1737 exhibent
571 1670 649 1736 libri
682 1671 904 1755 manuscripti.
952 1670 1064 1736 addito
1088 1672 1185 1735 etiam
1208 1669 1311 1735 verbo
1345 1661 1459 1752 ιίνίων,

391 1790 428 1867 ut
450 1779 554 1865 magis
578 1778 759 1844 sentiantur
781 1801 835 1843 res
850 1779 936 1843 inter
952 1800 987 1843 se
1004 1778 1170 1864 oppositae
1186 1772 1304 1861 (ὠνίων
1318 1817 1364 1825 -
1379 1777 1467 1846 tart:

388 1912 461 1969 νων,
495 1873 539 1952 ὧν
566 1884 703 1965 ἕκαστος
726 1886 759 1952 ἑν
781 1891 822 1975 τῇ
847 1890 933 1974 ψυχῇ
957 1884 1050 1975 φέρει
1072 1886 1165 1972 ντί),
1191 1908 1255 1949 non
1278 1886 1345 1950 iam
1368 1884 1460 1950 dubi·

388 1994 458 2059 tavi
491 1994 525 2057 in
558 1994 665 2079 ipsum
700 2003 891 2058 contextum
922 2003 959 2057 ut
991 1993 1167 2078 genuinam
1198 1994 1345 2078 recipere
1375 1992 1461 2057 hanc

389 2101 654 2166 enuntiationem.
703 2098 866 2164 difficilior
888 2108 999 2165 tamen
1027 2100 1089 2163 erit
1122 2122 1174 2164 res
1206 2098 1402 2183 diiudicatu,
1434 2100 1461 2163 si

389 2206 493 2272 verba
515 2201 639 2295 τροφὰς
657 2245 697 2254 -
715 2194 794 2274 dura
818 2206 896 2293 quid
920 2205 983 2271 sibi
1003 2205 1115 2288 velint,
1140 2207 1324 2293 quaesieris.
1362 2208 1461 2292 parti·

391 2315 475 2401 cipio
510 2302 588 2382 daca
622 2314 764 2401 primum
797 2314 964 2397 docemur,
1000 2313 1115 2379 deesse
1148 2312 1288 2379 verbum
1318 2314 1460 2398 finitum3

392 2421 508 2487 deinde
532 2443 606 2485 cum
629 2420 672 2485 ad
687 2420 913 2486 Democritum
931 2429 966 2486 et
980 2420 1213 2505 Empedoclem
1236 2420 1321 2486 hanc
1345 2422 1462 2486 doctri·

391 2552 466 2593 nam
489 2528 596 2593 redire
619 2529 684 2593 iam
713 2529 976 2613 cognoverimus,
1004 2527 1274 2593 verisimillimum
1298 2528 1335 2593 fit
1358 2538 1463 2594 orato·

390 2657 458 2700 rem
482 2645 631 2701 veterum
654 2634 782 2717 illorum
805 2635 1026 2700 testimonium
1049 2633 1204 2700 hocloco
1228 2634 1387 2720 attuliss03
1415 2636 1464 2700 id·

391 2744 478 2808 circo
503 2742 637 2807 dubium
660 2764 725 2806 non
747 2750 853 2827 potest
877 2764 961 2825 esse,
994 2744 1070 2828 quin
1104 2764 1143 2806 ea
1175 2741 1243 2807 fere
1272 2742 1463 2825 exciderint,

393 2870 476 2938 quae
499 2872 543 2915 ex
565 2848 665 2913 Keilii
690 2850 878 2914 coniectura
900 2850 935 2913 in
963 2858 1124 2935 apparatu
1155 2850 1269 2914 critico
1299 2851 1462 2935 proposui.

394 2995 433 3005 -
460 2947 701 3042 ἆμβλίσσοντας
724 2956 900 3022 conflatum
923 2966 1036 3021 estex
1059 2945 1300 3041 ἅμβλίσκοντας
1323 2966 1355 3021 et
1378 2951 1465 3023 ‹irro-

391 3062 593 3152 βλίσσοννας,
620 3064 662 3128 ad
686 3086 784 3149 quam
808 3084 922 3128 vocem
946 3063 987 3127 cf.
1005 3062 1102 3128 schol.
1120 3062 1162 3127 ad
1177 3064 1235 3129 Ar.
1252 3062 1314 3129 Av.
1331 3066 1407 3131 lea
1421 3101 1463 3111 -

279 3252 282 3259 ¹
392 3170 532 3257 praetuli
554 3170 730 3237 verborum
754 3169 916 3235 ordinem:
944 3169 1075 3261 κηρίων,
1106 3161 1223 3250 circio
1249 3170 1365 3261 μηδὲν,
1390 3194 1465 3236 cum

392 3279 440 3344 ita
470 3287 597 3343 tantum
622 3278 696 3342 voci
728 3266 846 3358 αὐτοὺς
878 3300 936 3341 sua
968 3278 1143 3342 adderetur
1171 3280 1234 3343 vis:
1267 3279 1359 3364 „ipsi
1391 3300 1466 3342 cnm

394 3385 475 3450 nihil
498 3386 667 3451 afferant“.

342 3497 383 3561 33
482 3491 536 3555 Ex
551 3494 668 3557 vocula
692 3490 803 3581 ίίωιγε
827 3491 1023 3558 concludere
1043 3491 1121 3557 licet
1140 3503 1302 3557 oratorem
1317 3492 1379 3558 boc
1395 3491 1466 3558 loco

394 3622 428 3665 se
457 3600 563 3685 ipsum
596 3600 713 3664 ceteris
747 3598 875 3665 civibus
907 3620 1086 3685 opponere:
1119 3622 1220 3682 „cum
1251 3622 1376 3681 omnes,
1410 3602 1465 3682 ait,

395 3706 509 3793 quiin
532 3704 614 3771 urbe
637 3716 815 3789 morantur,
838 3714 909 3771 tum
932 3728 992 3792 ego
1014 3707 1085 3793 ipse
1107 3706 1244 3771 salutem
1260 3728 1467 3771 communem

395 3813 552 3879 adiuvare
584 3812 730 3897 debeo“;
772 3835 855 3900 quae
887 3814 1049 3879 sententia
1077 3813 1205 3878 levibus
1235 3811 1467 3879 mutationibus

394 3920 521 3985 restitui
536 3928 652 4005 potest,
676 3920 851 3985 dummodo
869 3942 928 4007 pro
952 3915 1040 3988 πολὺ
1062 3942 1257 4007 reponamus
1280 3917 1411 3998 πάντας
1434 3929 1467 3985 et

393 4049 455 4115 pro
479 4026 514 4093 ds*
540 4028 598 4094 dei,
646 4026 761 4092 eadem
785 4028 897 4093 existit
920 4029 1097 4110 sententia,
1125 4028 1152 4091 si
1174 4026 1278 4092 Keilii
1300 4027 1468 4113 sequimur

396 4134 616 4199 coniecturam
643 4128 771 4213 παντὸς
794 4187 802 4202 .
826 4187 833 4201 .
856 4186 863 4199 .
887 4184 894 4199 .
915 4135 1034 4219 (roze)
1060 4135 1151 4223 τῇὸες
1182 4132 1334 4199 sedtum
1361 4144 1395 4199 et
1422 4132 1467 4198 la·

395 4263 480 4307 cuna
493 4263 497 4271 ·
511 4240 682 4305 statuenda
713 4249 761 4305 est
793 4251 866 4327 post
899 4245 1058 4329 συνεργεῖν
1086 4250 1118 4306 et
1141 4238 1316 4305 verborum
1348 4240 1385 4307 δὲ
1417 4245 1466 4330 τῇ,

398 4348 511 4437 quiin
534 4348 700 4438 codicibus
725 4356 824 4431 extat,
850 4348 929 4413 ordo
952 4346 1126 4413 mutandus
1148 4357 1208 4411 est.
1229 4385 1274 4395 -
1297 4347 1340 4411 ad
1363 4345 1468 4438 ζηλω-
