3825 5384
733 1758 755 1837 Ι.
786 1758 839 1839 lle
869 1758 1080 1842 codicibus.

459 1938 499 2002 In
528 1936 691 2002 nonnullis
718 1936 869 2023 florilegii
902 1938 989 2025 quod
1022 1939 1159 2005 Ioannes
1182 1938 1343 2007 Stobaeus
1368 1965 1442 2007 con-

372 2050 473 2135 gessit
495 2046 586 2112 libris
609 2046 839 2131 manuscriptis
863 2045 1025 2111 corollarii
1046 2047 1149 2112 instar
1171 2057 1243 2133 post
1263 2048 1443 2115 Theoctisti

373 2156 551 2222 sententias
578 2163 736 2240 excerpta
759 2154 871 2218 variae
904 2154 1037 2239 originis
1070 2155 1199 2220 adiecta
1225 2165 1308 2221 sunt.
1358 2156 1441 2223 haec

373 2264 429 2351 qui
460 2264 584 2349 primus
615 2262 650 2325 in
681 2260 789 2326 lucem
821 2261 943 2344 emisit,
977 2262 1009 2327 J.
1033 2261 1073 2328 A
1097 2262 1233 2328 Cramer
1256 2264 1291 2328 in
1313 2263 1440 2329 Anecd.

371 2371 474 2436 Paris.
497 2370 561 2435 vol.
585 2369 603 2433 I
624 2392 656 2455 p.
680 2368 868 2452 165-180,
892 2370 926 2432 in
949 2378 1016 2434 tres
1038 2379 1147 2457 partes
1170 2370 1305 2456 digessit
1327 2372 1441 2437 titulis-

372 2501 435 2565 que
454 2480 501 2543 ita
516 2477 675 2559 distinxit,
698 2486 734 2541 ut
756 2477 880 2563 primae
903 2477 990 2562 parti
1012 2476 1092 2565 περὶ
1110 2468 1322 2561 Ἱππομάχου,
1347 2478 1441 2544 alteri

372 2586 409 2653 ἐκ
436 2592 501 2652 τῶν
524 2581 676 2673 Μάρκου,
707 2584 824 2649 tertiae
851 2583 930 2673 περὶ
955 2590 988 2649 Γ
984 2580 1090 2673 υάρωυ
1115 2584 1317 2653 inscriberet.
1364 2609 1440 2673 qua-

372 2718 444 2759 rum
468 2718 486 2760 e
509 2714 657 2767 numere,
683 2714 736 2773 ea,
760 2713 845 2779 quae
866 2692 1002 2757 tertium
1023 2690 1130 2757 locum
1154 2704 1330 2778 occupant,
1353 2693 1440 2781 frag·

370 2811 481 2866 menta
512 2809 587 2865 sunt
619 2800 659 2864 de
690 2800 760 2863 vita
791 2798 959 2863 hominum
990 2800 1025 2863 in
1054 2798 1203 2885 Gyarum
1234 2800 1373 2865 insulam
1405 2803 1440 2866 in

371 2908 506 2974 exilium
529 2906 762 2992 relegatorum,
791 2916 949 2991 excerpta
972 2930 990 2971 e
1014 2905 1155 2996 diatriba
1178 2908 1319 2994 quedam
1342 2907 1440 2974 deri

372 3015 622 3093 consuetudinis,
645 3025 681 3078 ut
696 3014 838 3095 videtur,
855 3015 1050 3099 composita3
1074 3013 1258 3081 habuerunt
1274 3026 1439 3082 auctorem

369 3122 546 3210 sophistem
569 3123 697 3186 serioris
720 3122 835 3185 aetatis
857 3122 892 3185 in
915 3121 1061 3186 artificiis
1084 3122 1253 3187 rhetoricis
1277 3123 1438 3189 exsultan-

369 3240 450 3313 tem,
482 3229 696 3315 pauculorum
728 3250 881 3293 versuum
914 3230 1056 3314 spatium
1087 3228 1262 3315 complent3
1295 3254 1360 3295 non
1392 3242 1440 3297 cst

370 3338 484 3424 igitur,
517 3359 576 3401 cur
606 3335 669 3401 illis
700 3336 889 3402 immoreris.
935 3336 1068 3401 minoris
1096 3337 1194 3401 etiarn
1225 3339 1322 3422 pretii
1354 3349 1438 3424 sunt,

370 3468 453 3532 quae
477 3444 514 3510 ἐκ
534 3448 599 3509 τῶν
614 3440 755 3532 Μάρκου
770 3443 995 3508 inscribuntur
1009 3443 1206 3529 fragmenta3
1231 3446 1336 3530 ipsum
1352 3447 1439 3511 enim

367 3551 570 3639 imperatoris
602 3549 720 3615 librum
754 3562 903 3615 tenemus
937 3551 1101 3637 integrum
1132 3574 1239 3640 neque
1271 3552 1438 3619 codicibus

368 3660 487 3726 nostris
517 3666 687 3723 contextus
720 3667 947 3743 excerptorum
974 3669 1126 3744 praestat.
1172 3661 1303 3725 tertiam
1326 3671 1439 3725 contra

369 3777 496 3852 partem
519 3764 657 3850 legendo
680 3766 708 3829 si
729 3766 942 3851 percurreris,
971 3768 1081 3831 statim
1106 3766 1239 3853 dignam
1262 3789 1436 3853 cognosces
1463 3770 1466 3773 ’

368 3894 448 3955 esse,
472 3872 506 3936 in
527 3894 624 3958 quam
646 3870 832 3957 diligentius
847 3873 1042 3960 inquiretur.
1089 3873 1184 3939 huius
1199 3875 1300 3961 igitur
1314 3876 1436 3941 instau-

370 3980 464 4045 randi
496 3989 529 4043 et
559 3976 743 4044 illustrandi
778 3980 885 4068 quoad
918 3980 1039 4066 possim
1072 3980 1181 4046 libello
1215 4004 1304 4046 mec
1319 3982 1436 4048 faciam

367 4084 555 4173 periculum.

454 4192 565 4280 Atque
597 4195 738 4280 primum
770 4196 902 4282 quidem
934 4195 1038 4262 verba
1069 4197 1150 4261 mihi
1180 4196 1331 4262 facienda
1361 4207 1437 4263 sunt

368 4298 408 4365 de
441 4298 534 4365 libris
568 4302 806 4388 manuscriptis.
863 4303 897 4366 in
931 4304 1079 4389 paranda
1113 4305 1256 4370 editione
1289 4305 1436 4390 principe
