3825 5384
862 622 1082 688 ..58-

441 798 511 885 qui,
545 819 618 861 cum
650 796 715 883 legi
739 820 804 863 non
826 776 958 885 possent
981 821 1065 885 quae
1086 798 1170 865 liber
1191 802 1429 887 manuscriptus
1453 825 1509 867 ex-

439 904 585 989 hibebat,
609 927 651 969 ex
667 928 748 971 voce
769 896 973 991 ἆσομβύλοος
989 908 1023 993 (ξ
1035 908 1091 988 32)
1112 908 1294 993 oppositum
1310 909 1511 995 deprompsit
1602 975 1605 990 ,

439 1005 646 1097 συμβούλους.
694 1023 848 1099 expectes
878 1013 1014 1079 fortasse
1047 1014 1261 1100 παρασίτους.
1285 1054 1329 1063 -
1357 1016 1400 1081 ad
1431 1044 1510 1104 καρ-

440 1124 593 1187 ποῦσθαι
616 1115 674 1209 τὴν
696 1117 796 1186 πόλιν
815 1120 856 1185 cf.
876 1118 983 1209 [Plau]
996 1120 1135 1187 Demod.
1152 1124 1200 1189 15.
1214 1124 1257 1189 20
1279 1117 1354 1202 τούς
1376 1122 1511 1207 λιμένας

440 1225 497 1295 καί
519 1222 579 1306 τὰς
601 1216 722 1314 ύμοροίς
745 1232 973 1315 καρποῦσθαι.
1019 1228 1119 1292 Arist.
1144 1249 1232 1315 vesp.
1256 1231 1349 1296 5182
1373 1230 1509 1316 Lysistr.

424 1337 515 1401 -174
542 1373 582 1383 -
607 1325 843 1415 ἆνταπόύοσιςε
878 1335 995 1401 similia
1026 1335 1163 1422 legimus
1190 1337 1280 1422 apud
1302 1336 1509 1403 Aristotelem

439 1442 474 1508 in
496 1440 573 1507 Eth.
597 1442 636 1508 N.
662 1442 768 1509 116312
791 1445 847 1509 11:
872 1441 910 1509 τὸ
933 1443 1006 1509 κατ’
1023 1436 1119 1522 ἆξίαν
1142 1442 1202 1531 γὰρ
1225 1443 1432 1512 ἕπανισοῖ
1453 1444 1511 1511 καί

440 1546 563 1637 σῴζει
592 1544 649 1638 τὴν
672 1547 795 1639 φιλίαν.
841 1549 930 1615 idem
953 1548 1055 1614 verbo
1079 1540 1220 1639 ἀμοιβῆς
1242 1552 1364 1635 (1163b
1381 1551 1438 1637 35)
1461 1575 1511 1617 re-

439 1656 669 1721 munerationis
685 1656 804 1721 subicit
820 1658 897 1739 vim,
922 1678 997 1721 cum
1021 1658 1119 1721 etiam
1138 1658 1239 1722 sutori
1255 1658 1344 1723 dicat
1368 1648 1511 1749 ἀμοιβὴν

440 1762 613 1851 γίγνεσθαι
635 1783 694 1848 pro
719 1762 845 1829 calceis.

386 1879 427 1945 31
527 1868 583 1934 Ad
606 1867 766 1960 asscriptus
790 1870 831 1936 cf.
857 1868 968 1959 [Plau]
993 1871 1137 1957 0less
1161 1872 1264 1938 354ss
1287 1873 1345 1939 καί
1368 1872 1424 1940 τὸν
1446 1879 1511 1939 τῶν

442 1974 568 2068 ἐφόρων
591 1976 710 2062 δεσμὸν
736 1982 793 2067 τῆς
824 1980 994 2068 βασιλικῆς
1026 1973 1123 2068 ἀρχῆς
1153 1976 1320 2070 σωτήριον.
1367 1980 1445 2044 Luc.
1469 1980 1510 2046 do

405 2148 407 2157 .
440 2108 519 2151 mer.
545 2086 576 2151 9.
602 2088 630 2152 3.
656 2123 697 2133 -
721 2086 754 2148 in
788 2085 997 2171 sequentibus
1028 2085 1235 2172 Empedoclis
1267 2096 1300 2150 et
1329 2086 1512 2153 Democriti

441 2192 604 2259 doctrinas
626 2190 738 2258 rhetor
754 2192 936 2259 confudisse
953 2191 1032 2257 mihi
1048 2194 1191 2277 videtur3
1215 2194 1407 2259 sententiam
1422 2206 1511 2260 certe

421 2312 483 2365 'ex
502 2298 684 2365 Democriti
708 2299 881 2386 disciplina
900 2298 1019 2383 hausit,
1043 2301 1099 2386 qui
1123 2300 1230 2366 omnia
1253 2288 1377 2389 ἀμοιβῇ
1400 2300 1518 2366 docuit·

441 2408 639 2489 conservari3
665 2406 704 2473 cf.
719 2406 852 2475 Aristot.
869 2408 909 2473 de
926 2430 978 2472 an.
999 2408 1017 2471 Ι
1033 2410 1063 2473 2.
1081 2409 1226 2474 404210:
1243 2405 1436 2495 συνάγοντος
1451 2403 1510 2496 γὰρ

440 2518 498 2582 τοῦ
517 2512 725 2601 περιέχοντος
740 2510 781 2581 τὰ
798 2509 939 2599 σώματα
954 2514 1011 2581 καὶ
1028 2514 1240 2599 ἕκθλίβσντος
1255 2520 1320 2580 τῶν
1334 2512 1510 2605 σχημάτων

439 2617 482 2689 τοὶ
506 2621 693 2709 παρέχοντα
726 2625 796 2700 τοῖς
828 2614 924 2709 ζῴοις
955 2620 1015 2710 τὴν
1038 2619 1165 2711 κίνησιν
1187 2617 1244 2688 διὰ
1267 2620 1304 2689 τὸ
1327 2622 1404 2710 μηδ’
1426 2612 1509 2689 αὐτοὶ

439 2722 566 2819 ἠρεμεῖν
597 2729 786 2819 μηδέποτε,
824 2727 1047 2820 βοήθειαν
1085 2728 1325 2818 γίγνεσθαι
1359 2726 1510 2815 θύραθεν

439 2828 721 2903 ἐπεισιόντων
754 2824 889 2902 ύίλλων
913 2833 1072 2903 τοιούτων
1094 2836 1127 2903 ἐν
1150 2841 1197 2924 τῷ
1220 2830 1396 2902 ἀναπνεῖν·
1430 2861 1509 2903 κω-

438 2939 551 3010 λύειν
581 2941 641 3031 γὰρ
665 2936 748 3009 αύτὰ
772 2944 829 3010 καί
861 2938 911 3009 τὰ
944 2936 1234 3029 ἐνυπάρχοντα
1266 2943 1300 3009 ἐν
1322 2947 1393 3023 τοῖς
1416 2940 1510 3030 ζῴοις
1558 2970 1563 2980 ·

438 3047 691 3137 ἑκκρίνεσθαι
715 3048 919 3139 σονείργοντα
942 3049 981 3118 τὸ
1009 3044 1144 3138 συνάγον
1166 3051 1223 3116 καί
1246 3047 1405 3139 πηγνύον·
1438 3049 1509 3117 καὶ

440 3155 509 3247 ζῆν
532 3156 597 3238 de'‚·
615 3156 693 3237 ἕως
716 3152 763 3224 ἂν
787 3156 994 3224 δύνωνται
1017 3163 1139 3224 τοῦτο
1163 3162 1313 3223 ποιεῖν.
1352 3156 1393 3220 cf.
1410 3158 1509 3221 etiam

439 3263 480 3329 de
504 3264 616 3350 respir.
633 3266 665 3330 4.
685 3266 771 3332 472²
787 3267 838 3332 30.
862 3264 979 3348 Zeller‚
1006 3263 1089 3331 Phil.
1107 3266 1138 3333 d.
1156 3264 1233 3329 Gal
1254 3264 1353 3331 1902
1367 3285 1438 3350 sqq.
1466 3262 1510 3327 ad

438 3392 551 3436 vocem
563 3382 672 3436 autem
682 3372 856 3459 διαλλαγαί
867 3371 907 3435 cf.
918 3370 1278 3455 Diels,Vorsokratilrer
1287 3391 1319 3456 p.
1332 3372 1397 3437 184
1406 3369 1508 3456 frg.8:

439 3470 522 3549 (illd
545 3476 644 3563 μόνον
666 3477 755 3564 μίξις
769 3503 804 3545 τε
820 3476 1025 3559 διάλλαξίς
1040 3503 1075 3545 τε
1090 3479 1248 3567 μιγέντων
1263 3476 1343 3559 ἐστί,
1368 3487 1400 3542 ct
1415 3499 1509 3563 prae-

439 3588 534 3673 cipue
557 3608 587 3673 p.
610 3588 672 3653 187
695 3586 756 3671 frg.
777 3588 830 3669 lt,
850 3588 885 3652 6:
915 3586 973 3653 καί
1000 3586 1092 3653 ταῦτ’
1121 3576 1384 3652 ἇλλοίσσοντα
1411 3586 1510 3669 διαμ-

438 3694 537 3783 περὲς
561 3687 689 3778 ούύαμολ
713 3690 811 3783 λήγει.
852 3693 891 3758 cf.
909 3692 1039 3757 Zeller⁶
1062 3693 1160 3760 1756
1170 3715 1238 3779 sqq.
1283 3714 1390 3778 neque
1413 3693 1509 3756 mira-

437 3801 546 3867 bimur
577 3800 662 3866 hanc
696 3800 932 3884 confusionem,
967 3800 1141 3865 dummodo
1172 3809 1375 3886 reputemus,
1407 3798 1509 3864 multa

438 3907 566 3974 illorum
598 3906 861 3994 philosophorum
893 3909 928 3973 in
962 3908 1117 3973 doctrinis
1149 3917 1206 3972 aut
1236 3907 1335 3996 plane
1363 3928 1510 3993 congrua

440 4025 496 4083 aut
518 4014 636 4081 similia
659 4014 768 4081 fuisso.

385 4125 428 4192 32
528 4118 761 4207 adscripscrat
774 4145 803 4187 c.
814 4144 880 4191 acc.
892 4146 917 4188 c.
929 4122 1017 4187 infin.
1029 4122 1236 4188 coniunctum
1247 4119 1286 4187 cf.
1298 4119 1377 4185 Hdt.
1388 4122 1419 4202 6,
1434 4120 1508 4185 138.

437 4230 495 4297 Ar.
519 4230 596 4295 nub.
620 4232 694 4298 497.
720 4268 760 4278 -
785 4231 955 4316 sequentia
984 4229 1061 4295 Keil
1093 4229 1249 4295 resarcire
1283 4238 1417 4293 conatus
1449 4239 1508 4294 est.

438 4346 536 4425 atque
558 4337 700 4424 primum
724 4337 854 4423 quidem
878 4338 982 4403 verba
1005 4333 1128 4427 τροφὰς
1151 4376 1193 4384 -
1217 4324 1296 4404 ύντα
1321 4356 1387 4399 non
1414 4333 1509 4399 huius
