3825 5384
808 630 1027 696 ..53-

329 814 371 879 19
473 809 565 891 Quae
588 807 641 871 hic
664 819 756 874 extat
779 807 973 895 corruptela,
996 809 1125 894 saepius
1141 809 1282 873 occurrit
1304 809 1339 873 in
1361 807 1452 873 libris

381 916 625 1002 manuscriptis:
654 912 769 1003 βάθρα
791 938 851 1002 pro
874 913 1031 1005 βάραθρα
1054 914 1108 980 vel
1131 915 1275 980 vicissim
1296 909 1451 1005 βάραθρα

381 1047 439 1112 pro
462 1020 576 1113 βάθρα
593 1024 681 1109 apud
696 1023 791 1089 Pauo.
806 1024 890 1089 VIII
905 1026 959 1106 31,
977 1025 1007 1091 8.
1025 1024 1078 1106 22,
1095 1024 1125 1089 9.
1173 1021 1232 1089 Ar.
1249 1022 1334 1089 Plut.
1354 1024 1450 1090 1108.

381 1128 494 1218 Polyb.
518 1130 549 1195 V
570 1132 645 1199 802.
692 1129 799 1196 Strab.
816 1130 883 1197 VII
897 1153 929 1218 p.
955 1132 1021 1197 802
1037 1130 1074 1197 O.
1122 1129 1329 1195 retinendum
1342 1140 1452 1197 autem

382 1247 491 1304 nostro
513 1235 584 1303 loco
607 1234 775 1326 βάραθρα,
801 1238 921 1326 quippe
941 1260 1005 1325 quo
1021 1236 1248 1324 significentur
1263 1247 1453 1303 ornamenta

380 1343 560 1410 muliebria.
607 1343 647 1409 cf.
669 1332 836 1430 Aristoph.
861 1344 949 1430 apud
973 1344 1075 1410 Olem.
1099 1344 1192 1411 Alex.
1216 1345 1309 1429 paed.
1332 1347 1397 1411 244
1420 1355 1453 1409 et

381 1450 461 1517 Poll.
478 1451 544 1517 VH
559 1452 617 1518 95:
642 1448 723 1531 ἴσως
739 1442 828 1519 όόόκ
844 1446 883 1519 όῖν
906 1454 1032 1542 φαῦλον
1046 1449 1096 1541 ε’ίιγ
1120 1448 1249 1531 τούτοις
1272 1442 1453 1519 ὑποθεῖναι

381 1560 468 1640 λέξιν
497 1560 532 1627 ἐκ
569 1558 904 1649 Θεσμοφοριαζσυσιῦν
930 1553 1199 1648 Ἀριστοφάνους,
1233 1558 1309 1626 ἐπεὶ
1331 1554 1453 1628 πολλὰ

381 1664 451 1757 εἰόη
475 1668 509 1733 ἐν
536 1656 617 1756 αὐτῇ
645 1666 787 1754 περιέχει
816 1666 1045 1754 γυναικείων
1073 1664 1325 1758 φορημάτων,
1350 1654 1372 1734 ἃ
1394 1668 1452 1735 καί

379 1780 462 1853 τοῖς
490 1772 582 1861 περὶ
614 1769 772 1858 κόσμων
803 1770 885 1854 ἴσως
917 1768 962 1841 &iv
991 1771 1454 1865 ἕνήρμοσεν....χιτιῦνας

378 1878 568 1969 βάραθρα.
585 1918 627 1929 -
648 1880 690 1945 ad
712 1886 884 1969 μαγειρεῖα
907 1880 965 1949 καὶ
987 1879 1144 1971 βάραθρα
1166 1881 1205 1949 cf.
1221 1881 1319 1947 Dion.
1337 1881 1451 1969 Chrys.

377 1986 516 2053 XXXII
539 1990 595 2056 90:
619 1984 735 2076 ἑταίρα
757 1987 814 2055 καί
838 1986 972 2079 γαστήρ.
996 2028 1042 2037 -

325 2097 369 2165 20
467 2093 552 2161 Satis
581 2096 692 2180 inepte
716 2098 757 2177 βξ
783 2098 823 2162 19
847 2106 880 2161 et
903 2098 947 2162 20
975 2097 1216 2183 coniunguntur
1242 2095 1453 2162 similitudine

377 2200 553 2267 verborum
590 2196 819 2292 ἆπογράφεται
858 2203 928 2288 (19)
967 2212 1001 2268 et
1034 2200 1193 2291 γράφεται
1232 2204 1267 2288 (ξ
1291 2203 1348 2288 20)
1394 2202 1451 2288 (cf.

376 2310 476 2375 etiam
494 2312 535 2391 βξ
553 2312 572 2375 8
597 2319 630 2375 et
652 2312 673 2375 9
697 2306 977 2398 προόοτικιότερος
993 2347 1034 2356 -
1051 2306 1243 2397 προδότας).
1259 2347 1302 2357 -
1319 2331 1448 2396 compa·

377 2424 491 2481 rantur
511 2413 669 2505 χρώματα
693 2427 726 2481 et
747 2413 898 2506 χρήματα
922 2425 955 2482 et
979 2425 1187 2503 opponuntur
1208 2418 1379 2504 utriusque
1401 2418 1450 2482 rei

378 2518 419 2590 τά
440 2518 564 2613 χρηστά
588 2532 621 2589 et
642 2522 684 2589 τὰ
707 2521 862 2613 τρυφερός
887 2523 998 2589 verbis
1021 2524 1121 2610 igitur
1141 2530 1231 2591 θεῶν
1253 2523 1310 2591 καί
1333 2518 1449 2613 ἡρώων

377 2626 497 2710 εἰκόνες
518 2630 715 2716 respondent
738 2629 779 2697 τὰ
802 2631 912 2717 γελοῖα
935 2629 993 2697 καί
1016 2624 1184 2699 ἀκόλαστα
1207 2636 1273 2697 τιῦν
1289 2628 1448 2711 πινάκων,

377 2759 513 2824 quarum
536 2737 678 2823 partium
701 2736 794 2802 alteri
818 2742 889 2825 (per
904 2738 1023 2803 vitium
1044 2739 1079 2802 in
1095 2761 1201 2804 novae
1217 2738 1448 2804 enuntiationis

377 2844 513 2909 formam
527 2844 692 2932 redactae)
710 2835 795 2911 oiicco
814 2867 879 2910 vox
901 2854 950 2910 eet
965 2845 1141 2931 proposita,
1164 2855 1201 2911 ut
1219 2868 1303 2932 quae
1318 2865 1448 2930 reapon-

377 2951 469 3017 derot
502 2952 723 3018 coniunctioni
756 2942 808 3031 ιός.
841 2990 885 3000 -
918 2952 960 3016 ad
992 2950 1113 3036 μίμους
1144 2952 1183 3017 cf.
1212 2952 1311 3018 Dion.
1334 2951 1447 3039 Chrys.

375 3057 512 3123 XXXII
535 3060 566 3125 4.
589 3060 640 3125 86.
665 3094 707 3107 -
731 3059 774 3124 ad
798 3053 921 3144 ἆμίόας
943 3053 1083 3148 ἇργυρᾶς
1105 3058 1147 3124 cf.
1171 3058 1447 3126 Hdt.11173.—

325 3164 366 3233 21
466 3163 506 3230 cf.
523 3162 633 3254 [Plan]
646 3165 750 3252 Eryx.
764 3167 829 3233 398
843 3164 946 3252 (Stob.
960 3166 1030 3231 flor.
1043 3166 1095 3230 ΠΙ
1110 3168 1172 3233 194
1185 3166 1236 3232 ed.
1246 3165 1447 3252 Meinecko):

375 3264 491 3341 ὁποῖοι
520 3271 579 3361 γὰρ
607 3266 647 3340 όν
677 3298 761 3352 τινες
791 3263 871 3340 ιόσιν
902 3270 932 3340 οἱ
962 3269 1133 3362 χράμενοι,
1165 3277 1303 3341 τοιαῦτα
1325 3261 1383 3339 καὶ
1406 3272 1449 3339 τά

375 3375 558 3468 πράγματα
586 3369 699 3461 αὐτοῖς
726 3372 848 3469 ἀνάγκῃ
876 3374 968 3448 εἶναι.
1000 3418 1043 3428 -
1071 3377 1249 3470 λιτριόόους
1273 3380 1449 3445 atticorum

376 3496 424 3552 est
460 3486 643 3573 proprium,
683 3485 855 3575 νιτριόδους
890 3488 1117 3573 posteriorum
1158 3487 1197 3553 cf.
1231 3487 1367 3554 Lobeck
1405 3488 1448 3552 ad

372 3592 548 3680 Phrynich.
590 3616 622 3680 p.
652 3596 717 3662 305
760 3595 868 3661 adnot.
911 3594 951 3660 de
993 3592 1101 3681 λίτρον
1143 3632 1186 3642 -
1229 3593 1347 3684 νίτρον,
1389 3593 1447 3658 ubi

375 3698 536 3787 permulta
571 3701 755 3767 testimonia
791 3702 941 3767 invenies
979 3700 1105 3767 collata.
1161 3702 1223 3766 hoc
1254 3701 1338 3783 loco,
1372 3723 1446 3766 cum

372 3816 533 3873 oratorem
557 3809 760 3894 singularum
781 3830 900 3874 vocum
924 3807 1062 3874 colerem
1087 3809 1223 3884 atticum
1242 3831 1308 3873 non
1323 3808 1445 3872 reicere

374 3924 496 4000 pateat,
518 3913 705 4001 praeferam
728 3913 911 4004 λιτριόόους.
938 3953 979 3963 -

323 4021 365 4090 22
464 4017 563 4109 ιγόσιν
578 4043 639 4108 per
655 4021 881 4108 compendium
898 4024 1067 4108 scriptum,
1091 4022 1178 4087 unde
1193 4021 1345 4086 facillime
1361 4014 1453 4109 όφὴν

373 4127 480 4215 potuit
502 4129 601 4193 nasci.
625 4166 668 4176 —

324 4234 366 4301 23
465 4234 505 4301 cf.
531 4232 655 4324 [Iseon]
681 4235 724 4300 ad
746 4235 884 4302 Demon.
910 4238 968 4304 52:
993 4228 1106 4325 ὥσπερ
1129 4231 1190 4324 γάρ
1213 4230 1270 4325 τὴν
1291 4234 1450 4320 μέλιτταν

377 4334 501 4430 ὁρῶμεν
527 4340 595 4410 κτὲ.
641 4342 740 4409 Anch.
769 4367 816 4429 gr.
841 4342 892 4409 ed.
918 4342 1041 4410 Jacobs
1065 4344 1098 4407 X
1126 4344 1203 4409 416.
1227 4344 1262 4409 5:
1297 4336 1450 4432 όχεγητὸς
