3825 5384
854 585 1077 650 „55-

427 761 694 846 cumscripsisset.
742 763 782 829 ef.
805 764 905 829 Arist.
935 762 977 827 de
1004 782 1114 848 gener.
1139 770 1171 825 et
1197 770 1339 847 corrupt.
1364 762 1499 830 333b14

425 865 522 935 τοῦτό
545 866 634 935 ἐστιν
657 859 677 959 ἡ
702 864 798 937 οίισία
821 861 841 961 η
865 867 1015 951 ἑκάστου,
1048 862 1120 935 ἀλλ’
1144 868 1182 936 eri
1211 866 1328 953 «μόνον
1350 867 1441 954 μίξις
1462 894 1499 936 τε

426 971 593 1055 διάλλαξίς
614 1001 649 1044 τε
671 976 862 1065 μιγέντων»,
887 969 999 1062 ὥσπερ
1019 973 1142 1056 ἐκεῖνός
1162 998 1264 1066 φησιν
1288 975 1341 1062 (cf.
1358 976 1431 1041 adn.
1455 976 1499 1041 ed

425 1082 529 1167 §31).
576 1073 667 1171 τάχη
700 1084 793 1151 δ’ἑπί
825 1082 950 1153 τούτων
982 1074 1184 1168 ὀνομάζεται,
1218 1078 1289 1150 ἀλλ’
1323 1078 1360 1150 σίν
1389 1081 1493 1171 λόγος.

426 1187 510 1256 ἔστι
534 1184 603 1278 γάρ
625 1192 822 1281 μιχθῆναι
846 1186 895 1271 ὡς
918 1189 1057 1276 ἔτυχεν.
1084 1228 1122 1238 -

381 1303 400 1367 2
512 1284 737 1388 Ἀριστοτέλης
754 1298 790 1365 δὲ
805 1300 891 1366 κτλι
916 1308 1014 1385 atque
1038 1299 1180 1383 primum
1197 1297 1329 1385 quidem
1345 1320 1426 1380 epus
1448 1308 1497 1363 est

422 1402 533 1469 indole
556 1403 666 1490 alique
690 1406 877 1491 praeditum
892 1428 962 1470 esse
985 1428 1070 1487 eum,
1094 1405 1150 1491 qui
1173 1404 1244 1471 vult
1264 1405 1385 1491 probus
1407 1405 1494 1471 fieri:

423 1510 485 1595 pol.
499 1509 664 1578 13322'38:
677 1512 735 1577 καὶ
748 1512 808 1601 γὰρ
822 1518 938 1603 φῦναι
955 1514 1006 1580 δεῖ
1020 1517 1155 1600 πρῶτον
1171 1503 1256 1581 οἷον
1268 1501 1493 1601 άνθρωπον,

423 1612 506 1684 ἀλλά
530 1618 575 1709 μὴ
591 1624 658 1685 τῶν
677 1608 786 1686 άλλων
805 1645 837 1687 τι
859 1616 960 1708 ζῴοιν,
984 1614 1056 1688 εἶτα
1071 1620 1129 1687 καί
1143 1616 1241 1687 ποῖόν
1256 1646 1329 1688 τινα
1344 1615 1382 1688 τὸ
1399 1626 1494 1705 σῶμα

422 1725 479 1792 καί
506 1724 567 1816 τὴν
595 1725 712 1817 ψυχὴν.
760 1748 844 1813 quae
868 1750 949 1792 eave
972 1748 1145 1814 perperam
1167 1728 1384 1813 interpeterie;
1417 1750 1495 1792 nam

423 1820 490 1900 οὔτ’
514 1820 578 1921 άρα
601 1829 698 1922 φάσει
721 1826 794 1902 eive
821 1834 913 1921 παρὰ
946 1832 1044 1925 φάσιν
1077 1832 1278 1923 ἐγγίγνονται
1305 1830 1341 1901 αἱ
1369 1828 1493 1921 ἀρεταί,

422 1932 506 2006 ἆλλά
529 1938 696 2028 πεφυκόσι
719 1940 780 2025 μὲν
802 1936 882 2032 ἡμῖν
905 1942 1068 2021 δέξασθαι
1091 1932 1217 2021 αὐτάς.
1235 1992 1268 2007 ..
1309 1940 1396 2027 (Eth.
1418 1941 1493 2005 Nic.

421 2046 457 2111 II
480 2053 510 2115 1.
536 2049 713 2127 1103223).
761 2048 819 2113 sed
833 2042 928 2136 λόγος
942 2070 1074 2113 neeesse
1089 2060 1139 2115 est
1154 2049 1344 2115 moderetur
1358 2059 1496 2113 naturae

420 2152 537 2219 indoli:
562 2154 618 2220 καί
642 2149 702 2243 γάρ
726 2154 827 2223 παισί
849 2156 909 2223 καί
929 2154 1062 2246 θηρίοις
1081 2153 1117 2222 αἱ
1138 2156 1277 2246 φυσικαί
1292 2148 1495 2243 ὖπάρχονται

422 2260 510 2342 ἕξεις,
525 2251 609 2329 άλλοὶ
633 2255 723 2330 άνεο
746 2268 812 2329 νοῦ
833 2264 1024 2352 βλαβεραὶ
1048 2262 1223 2353 φαίνονται
1239 2254 1333 2331 οίσαι
1351 2313 1358 2328 .
1376 2314 1384 2329 .
1402 2313 1410 2329 .
1427 2261 1494 2329 ἐὰν

421 2368 461 2434 δὲ
480 2365 576 2457 λάβη
595 2372 695 2453 νοῦν,
715 2369 749 2436 ἐν
764 2372 810 2458 τῷ
826 2367 985 2459 πράττειν
1000 2370 1159 2460 διαφέρει.
1193 2380 1290 2458 atque
1307 2392 1382 2435 eum
1397 2362 1494 2458 φάσει

421 2484 454 2540 ολ
469 2468 554 2563 λόγῳ
572 2476 800 2563 coniungenda
815 2487 865 2543 est
880 2478 1080 2543 consuetudo
1096 2477 1185 2558 (eth.
1202 2478 1241 2544 N.
1257 2478 1353 2563 113):
1377 2472 1419 2544 τά
1433 2476 1494 2561 μὲν

420 2581 481 2671 γάρ
503 2574 570 2651 rimi
594 2588 659 2650 τῶν
681 2588 801 2668 τεχνῶν
816 2581 989 2674 γιγνόμενα
1005 2584 1043 2652 τὸ
1058 2576 1093 2653 εὗ
1108 2583 1190 2669 ἔχειν
1206 2585 1240 2651 ἐν
1256 2576 1377 2667 αὑτοῖς,
1401 2579 1495 2673 ἀρκεῖ

413 2680 476 2761 ,οὖν
497 2695 602 2757 ταῦτα
626 2696 701 2771 πῶς
728 2689 843 2775 ἔχοντα
866 2692 1036 2780 γενέσθαι,
1060 2692 1103 2760 τά
1126 2693 1162 2759 δὲ
1185 2691 1271 2759 κατά
1293 2687 1354 2772 τάς
1377 2682 1495 2781 άρετὰς

421 2794 591 2885 γιγνόμενα
624 2791 696 2895 οἷ’νι,
729 2794 786 2865 ἐάν
818 2794 901 2866 αίτά
935 2805 1010 2880 πῶς
1042 2798 1113 2890 ἔχη,
1145 2799 1284 2879 δικαίως
1313 2794 1335 2889 ἢ
1363 2795 1494 2888 σωφρό-

419 2930 482 2984 νως
519 2897 717 2992 πράττεται,
757 2895 841 2974 ἆλλά
878 2907 936 2975 καί
971 2906 1027 2973 ἐὰν
1062 2902 1079 2975 ὃ
1114 2903 1267 2995 πράττων
1301 2911 1377 2986 πῶς
1410 2904 1492 2989 ἔχων

420 3004 563 3101 πράττη,
593 3017 727 3101 πρῶτον
753 3013 814 3099 μὲν
842 3003 897 3081 οὖν
923 3011 1032 3095 elder,
1062 3011 1169 3082 ἔπειτ’
1197 3013 1255 3080 ἐὰν
1278 3010 1493 3102 προαιρούμε·

419 3145 473 3198 νος
505 3120 564 3185 καί
598 3120 854 3209 προαιρούμενος
890 3115 1033 3203 διἀίτά,
1066 3120 1104 3190 τὸ
1138 3121 1175 3188 δὲ
1205 3121 1314 3210 τρίτον
1344 3119 1402 3186 καί
1434 3118 1490 3186 ἐὰν

418 3216 1492 3319 βεβαίωςκαίάμετακινητωςἔχιονπράττη.-οᾶηοσίτσαι

419 3331 526 3399 locum
549 3335 644 3399 unice
678 3334 802 3399 faciunt
834 3335 890 3400 illa
915 3333 1055 3426 ,φύσει
1088 3333 1175 3402 ἔθει
1205 3332 1328 3423 λόγῳ“
1358 3334 1393 3398 in
1416 3332 1491 3401 Eth.

420 3440 492 3505 Nic.
518 3441 680 3523 11791220,
705 3443 827 3530 quippe
852 3466 916 3530 quo
937 3442 1007 3508 loeo
1029 3444 1129 3509 etiam
1154 3442 1232 3531 περὶ
1256 3442 1334 3509 νέων
1357 3435 1493 3507 παιδεί-

419 3571 501 3628 σεως
523 3559 805 3633 commemoretur,
830 3550 870 3615 de
888 3574 953 3637 qua
970 3560 1079 3617 nester
1094 3551 1113 3635 §
1129 3552 1161 3618 3.
1208 3549 1249 3616 ef.
1267 3549 1492 3616 etiam1332²

419 3657 478 3723 38:
503 3650 631 3744 ἀγαθοί
646 3683 680 3745 γε
695 3658 754 3724 καί
770 3659 949 3725 σπουδαῖοι
967 3656 1132 3745 γίγνονται
1147 3652 1203 3726 διὰ
1217 3661 1331 3744 τριῶν·
1355 3653 1398 3726 τά
1412 3658 1489 3748 τρία

418 3763 454 3829 δὲ
477 3756 581 3830 ταῦτά
598 3763 669 3831 ἐστι
693 3761 808 3853 φάσις
831 3763 925 3846 ἔθος
948 3763 1072 3854 λόγος.
1092 3804 1133 3815 -
1158 3763 1261 3830 verba
1276 3765 1369 3854 τέχνη
1386 3765 1446 3855 γάρ
1469 3758 1490 3856 η

418 3863 514 3960 άροτὴ
538 3869 581 3935 ad
604 3870 686 3936 soloe
708 3870 833 3938 Stoicos
857 3883 932 3938 eunt
954 3873 1194 3960 restringenda,
1221 3894 1287 3937 non
1305 3873 1349 3937 ad
1364 3872 1489 3938 Aristo-

417 3976 527 4062 telem,
561 3978 682 4064 quippe
715 3980 773 4064 qui
806 3991 950 4065 opponat
975 3990 1079 4045 artem
1101 3980 1227 4045 virtuti.
1254 3979 1295 4044 ef.
1319 3979 1393 4045 Eth.
1416 3979 1488 4044 Nic.

417 4083 452 4148 H
475 4085 506 4166 3,
543 4106 639 4171 quem
675 4107 773 4171 supra
806 4088 966 4173 exscripsi
999 4087 1116 4152 locum.
1177 4086 1218 4152 ei.
1254 4087 1353 4152 etiam
1386 4085 1488 4151 Arist.

420 4192 520 4259 110612
528 4194 581 4258 36.
630 4191 786 4258 differunt
810 4205 921 4260 autem
944 4218 999 4260 ars
1015 4205 1047 4259 et
1062 4196 1166 4261 virtue
1189 4217 1239 4278 eo,
1265 4193 1353 4281 qued
1370 4194 1406 4258 in
1423 4195 1488 4258 vir·

417 4306 486 4363 tute
519 4322 586 4365 non
619 4298 724 4365 selum
756 4298 849 4389 ἔργον
883 4311 1065 4387 spectatur,
1102 4302 1160 4368 sed
1190 4301 1229 4371 τὸ
1262 4306 1339 4382 πῶς
1370 4298 1485 4385 ἔχοντα
