3825 5384
701 624 1019 733 ἠει-

371 844 527 910 transitus
557 846 620 931 ipsi
652 855 737 911 esset
769 846 812 911 ad
844 846 1021 933 sequentia.
1044 885 1090 893 -
1113 846 1155 911 ad
1184 848 1376 913 sententiam
1401 848 1442 913 ef.

370 949 468 1017 Arist.
480 951 543 1038 pol.
557 952 593 1015 Π
606 956 623 1019 1
636 975 704 1039 sqq.
731 952 836 1021 1260b
850 956 903 1021 27.
927 953 1033 1021 1263b
1046 957 1104 1021 31:
1129 955 1179 1022 δεῖ
1200 955 1261 1039 μὲν
1275 954 1335 1042 γὰρ
1357 949 1442 1023 εἶναι’

370 1085 446 1139 πως
475 1058 557 1144 μίαν
583 1061 641 1127 καὶ
668 1055 728 1150 τὴν
755 1058 863 1128 οἰκίαν
885 1060 942 1127 καὶ
970 1055 1030 1150 τὴν
1053 1057 1162 1142 πόλιν,
1196 1056 1268 1128 ἀλλ’
1292 1056 1328 1129 οῖ·
1354 1059 1442 1129 πάν-

369 1190 435 1245 τως
459 1216 543 1233 ....
569 1160 652 1233 ἄλλά
676 1168 725 1234 δεῖ
750 1169 883 1257 πλῆθος
906 1161 950 1251 δν,
987 1159 1100 1256 ὥσπερ
1124 1165 1249 1257 εἴρηται
1273 1164 1439 1258 πρότερον,

373 1268 428 1339 διά
452 1271 509 1363 τὴν
532 1272 691 1341 παιδείαν
713 1273 825 1364 κοινὴν
846 1272 904 1340 καὶ
926 1273 1007 1359 μίαν
1030 1279 1150 1342 ποιεῖν.

321 1378 363 1445 37
464 1381 502 1446 cf.
525 1380 624 1446 Dion.
650 1380 764 1467 Chrys,
788 1381 841 1445 IX
866 1386 895 1447 1.
921 1381 1059 1446 XXXII
1081 1386 1117 1448 4:
1142 1379 1246 1471 δήμου
1270 1380 1330 1471 γάρ
1353 1384 1441 1451 ἐστιν

370 1478 455 1579 duod
477 1487 514 1555 sd
537 1488 689 1576 θέατρον,
716 1491 775 1554 32:
801 1489 833 1555 ἐν
856 1494 904 1577 τῷ
926 1486 1059 1577 θεάτρῳ
1086 1489 1245 1574 βλέπεται
1273 1485 1311 1557 ιδ
1339 1488 1443 1581 doud-

372 1612 442 1663 διον
464 1586 559 1683 ἦδος.
608 1594 675 1662 Cic.
692 1595 735 1659 ad
749 1593 816 1662 Att.
837 1595 873 1660 ΙΙ
894 1596 945 1662 19.
971 1598 1007 1661 3:
1026 1596 1148 1679 populi
1162 1617 1280 1662 scasas
1295 1597 1441 1663 maxime

372 1701 497 1767 theatro
530 1707 560 1767 et
591 1701 787 1783 spectaculis
812 1708 1009 1786 perspectas
1043 1709 1099 1770 cst.
1128 1742 1174 1751 -
1201 1705 1280 1792 περὶ
1311 1702 1441 1786 πόλεως

369 1806 492 1894 κόσμον
524 1809 564 1873 cf.
592 1808 683 1874 Steb.
707 1809 739 1874 fl.
764 1809 798 1874 II
819 1811 861 1876 98
886 1810 937 1875 ed.
961 1810 1143 1877 Meinecke.
1193 1810 1292 1876 Dion.
1326 1811 1441 1899 Chrys.
1526 1814 1534 1827 ⁸

370 1914 508 1981 XXXII
540 1918 594 1986 95.
627 1953 669 1965 -
702 1913 871 2006 ἐπυόησαν
904 1919 1033 2003 saepius
1064 1919 1098 1981 in
1128 1918 1216 1982 Dion
1252 1917 1367 2005 Chrys.
1397 1941 1441 1984 or.

374 2021 511 2088 XXXII
534 2024 602 2109 (54.
628 2024 681 2089 73.
709 2022 778 2110 96),
808 2025 861 2088 cui
884 2026 949 2088 iam
972 2023 1083 2111 plnres
1115 2024 1343 2091 similitudines
1366 2047 1442 2091 cum

374 2130 605 2196 declamatione
630 2139 743 2195 nostra
770 2132 990 2197 intercessisse
1017 2132 1169 2198 vidimus.
1194 2170 1237 2180 -
1261 2133 1305 2197 ad
1331 2154 1441 2198 narra·

370 2237 548 2303 tiunculam
569 2236 659 2301 illam
676 2236 717 2303 de
734 2237 969 2303 Alexandrinis
992 2239 1033 2305 cf.
1051 2238 1154 2304 Olem.
1171 2240 1266 2305 Alex.
1284 2240 1385 2308 Protr.
1404 2245 1439 2325 13

329 2353 334 2424 j
371 2354 541 2431 praeterea
557 2346 596 2409 ef.
607 2367 638 2431 p.
649 2346 703 2411 33.
716 2384 754 2394 —-
768 2336 937 2413 ἆπάὓυοῖ
950 2356 1139 2432 corruptum
1151 2355 1212 2431 est3
1231 2357 1442 2433 expectamus

371 2453 620 2537 substantivum,
645 2454 732 2541 quod
753 2451 927 2539 respondet
949 2454 1026 2518 voci
1044 2450 1225 2542 βαράθρου.
1270 2466 1442 2537 praeterea

370 2584 501 2626 necesse
528 2571 735 2627 estnotetur
762 2558 818 2625 illa
846 2582 929 2625 voce
960 2582 1062 2646 genus
1097 2559 1229 2646 aliquod
1261 2560 1439 2641 hominum,

371 2670 462 2733 cuius
493 2669 624 2734 nomine
656 2670 691 2733 in
723 2691 756 2733 se
790 2669 875 2754 ipsos
909 2667 1025 2733 collato
1063 2667 1160 2732 valde
1197 2667 1441 2733 delectabantur
1555 2707 1561 2719 ι

370 2774 589 2841 Alexandrini
612 2774 746 2864 (χαίρειν
773 2770 1112 2861 μετονομαζοριένοις).
1173 2785 1299 2840 constat
1331 2786 1440 2840 autem

370 2882 425 2949 illo
448 2892 592 2968 tempore
616 2906 690 2947 cum
714 2884 893 2948 ceterarum
922 2883 1052 2967 imperii
1077 2883 1212 2946 Romani
1238 2880 1369 2946 urbium
1396 2884 1444 2946 in-

373 2991 459 3057 colas
485 3001 554 3055 tum
577 2988 818 3056 Alexandrinos
843 2990 925 3055 adso
950 2989 1209 3055 citharoedorum
1232 3000 1266 3053 et
1287 2990 1443 3074 pantomi-

373 3120 499 3162 morum
526 3098 589 3162 arti
616 3096 788 3163 indulsisse
817 3096 872 3185 (cf.
897 3096 1127 3179 Fricdltinder,
1151 3073 1443 3179 Sittengeschichte

372 3204 427 3269 ΙΙ6
442 3206 518 3271 464.
547 3205 636 3290 482),
671 3214 705 3268 ut
739 3226 804 3268 non
836 3203 1024 3269 dubitarent
1058 3203 1216 3267 factiones
1248 3225 1290 3265 ex
1322 3201 1443 3267 theatri

374 3312 480 3377 studio
504 3319 591 3377 ortas
622 3310 750 3376 illorum
782 3313 912 3376 nomine
940 3312 1113 3397 designare
1136 3308 1368 3389 (Friedl'ander
1390 3309 1443 3374 Π8

374 3419 449 3486 336.
473 3417 562 3504 474).
608 3418 713 3503 ipsam
740 3429 849 3483 autem
872 3420 1074 3506 as3upwdoiv
1101 3438 1214 3481 vocem
1243 3415 1296 3482 vel
1324 3439 1443 3482 nomen

373 3524 505 3612 aliquod
526 3527 692 3611 proprium
725 3546 783 3610 pro
817 3515 990 3592 άπάιίοῦ
1020 3546 1180 3611 reponere
1212 3546 1249 3589 eo
1282 3534 1442 3605 vetamur,

373 3632 461 3721 quod
474 3632 652 3717 sophistam
666 3641 734 3697 tota
747 3633 814 3697 fere
830 3633 963 3697 civitate
978 3641 1144 3718 spectante
1158 3642 1191 3696 et
1211 3631 1365 3695 audiente
1376 3641 1444 3694 tam

372 3763 505 3827 gravem
529 3740 741 3825 ignominiam
763 3739 833 3826 (καὶ
850 3737 960 3827 ἑτέρου
978 3737 1125 3806 τοιούτου
1140 3735 1326 3826 βαράθρου)
1342 3736 1443 3802 citha-

370 3846 543 3913 roedorum
564 3848 670 3912 ordini
692 3846 896 3933 indigentem
916 3845 1004 3911 nullo
1024 3846 1119 3911 modo
1137 3867 1308 3931 possumus
1323 3844 1441 3909 facere.

370 3952 420 4019 bis
446 3956 626 4039 perspectis
649 3953 749 4018 Keilii
777 3955 996 4019 coniecturam
1024 3943 1163 4041 άγυριοῖ
1186 3975 1251 4016 non
1269 3974 1443 4037 ‚possumus

369 4083 434 4126 non
457 4061 620 4146 recipere,
643 4062 837 4147 praesertim
860 4082 934 4124 cum
957 4058 1020 4123 hac
1043 4082 1125 4125 rece
1149 4060 1247 4124 etiam
1270 4060 1294 4123 ii
1318 4058 1443 4123 soleant

372 4168 560 4254 significari,
576 4168 634 4256 qui
649 4167 734 4232 infra
749 4190 782 4232 se
797 4190 862 4232 non
880 4165 1044 4232 ducebant
1057 4167 1194 4231 victoria
1205 4165 1290 4232 ludis
1302 4164 1443 4253 publicis

371 4285 465 4362 parta
488 4284 689 4361 spectatores
713 4274 885 4338 circumire
910 4284 942 4339 et
964 4274 1108 4360 praemia
1122 4284 1234 4359 petere
1258 4273 1316 4356 (cf.
1332 4272 1442 4337 Ruhn-

373 4381 438 4446 ken
466 4381 509 4447 ad
531 4383 701 4447 Timaeum
729 4403 760 4467 p.
786 4383 871 4461 10²).
897 4418 934 4429 -
962 4380 1004 4444 ad
1027 4378 1199 4469 βαράθρου
1227 4380 1268 4446 cf.
1292 4380 1442 4445 Ammon.
