<?xml version="1.0" encoding="UTF-8"?>
<!DOCTYPE html PUBLIC "-//W3C//DTD XHTML 1.0 Transitional//EN"
    "http://www.w3.org/TR/xhtml1/DTD/xhtml1-transitional.dtd">
<html xmlns="http://www.w3.org/1999/xhtml" xml:lang="en" lang="en">
 <head>
  <title>
</title>
<meta http-equiv="Content-Type" content="text/html;charset=utf-8" />
  <meta name='ocr-system' content='tesseract 3.04.00' />
  <meta name='ocr-capabilities' content='ocr_page ocr_carea ocr_par ocr_line ocrx_word'/>
</head>
<body>
  <div class='ocr_page' id='page_1' title='image "./sophistaeanonym00bohlgoog_0020.png"; bbox 0 0 3825 5384; ppageno 0'>
   <div class='ocr_carea' id='block_1_1' title="bbox 878 664 1101 730">
    <p class='ocr_par' dir='ltr' id='par_1_1' title="bbox 878 664 1101 730">
     <span class='ocr_line' id='line_1_1' title="bbox 878 664 1101 730; baseline 0.004 -21"><span class='ocrx_word' id='word_1_1' title='bbox 878 664 1101 730; x_wconf 68' lang='lat'>„16-</span> 
     </span>
    </p>
   </div>
   <div class='ocr_carea' id='block_1_2' title="bbox 450 836 1532 4473">
    <p class='ocr_par' dir='ltr' id='par_1_2' title="bbox 450 836 1532 4473">
     <span class='ocr_line' id='line_1_2' title="bbox 456 836 1525 923; baseline 0.005 -22"><span class='ocrx_word' id='word_1_2' title='bbox 456 844 570 902; x_wconf 89' lang='lat' dir='ltr'>auctor</span> <span class='ocrx_word' id='word_1_3' title='bbox 596 838 698 922; x_wconf 90' lang='lat' dir='ltr'>partis</span> <span class='ocrx_word' id='word_1_4' title='bbox 720 836 751 903; x_wconf 93' lang='lat' dir='ltr'>A</span> <span class='ocrx_word' id='word_1_5' title='bbox 774 840 808 923; x_wconf 68' lang='grc' dir='ltr'>(ξ</span> <span class='ocrx_word' id='word_1_6' title='bbox 831 838 866 923; x_wconf 81' lang='grc'>2)</span> <span class='ocrx_word' id='word_1_7' title='bbox 889 839 990 906; x_wconf 90' lang='lat' dir='ltr'>solam</span> <span class='ocrx_word' id='word_1_8' title='bbox 1018 842 1286 908; x_wconf 79' lang='lat' dir='ltr'>exercitationem</span> <span class='ocrx_word' id='word_1_9' title='bbox 1314 853 1419 909; x_wconf 88' lang='lat' dir='ltr'>artem</span> <span class='ocrx_word' id='word_1_10' title='bbox 1450 864 1525 909; x_wconf 91' lang='lat' dir='ltr'>oon-</span> 
     </span>
     <span class='ocr_line' id='line_1_3' title="bbox 458 944 1525 1037; baseline 0.004 -26"><span class='ocrx_word' id='word_1_11' title='bbox 458 944 563 1012; x_wconf 90' lang='lat' dir='ltr'>tendit</span> <span class='ocrx_word' id='word_1_12' title='bbox 591 966 722 1032; x_wconf 86' lang='lat' dir='ltr'>parare,</span> <span class='ocrx_word' id='word_1_13' title='bbox 754 946 869 1012; x_wconf 89' lang='lat' dir='ltr'>eadem</span> <span class='ocrx_word' id='word_1_14' title='bbox 896 946 965 1013; x_wconf 79' lang='lat' dir='ltr'>tere</span> <span class='ocrx_word' id='word_1_15' title='bbox 992 949 1027 1013; x_wconf 90' lang='lat' dir='ltr'>in</span> <span class='ocrx_word' id='word_1_16' title='bbox 1056 961 1151 1036; x_wconf 90' lang='lat' dir='ltr'>parte</span> <span class='ocrx_word' id='word_1_17' title='bbox 1173 950 1202 1014; x_wconf 94' lang='lat' dir='ltr'>B</span> <span class='ocrx_word' id='word_1_18' title='bbox 1227 950 1261 1037; x_wconf 64' lang='grc' dir='ltr'>(ἕ</span> <span class='ocrx_word' id='word_1_19' title='bbox 1285 953 1318 1030; x_wconf 87' lang='grc'>2)</span> <span class='ocrx_word' id='word_1_20' title='bbox 1342 948 1525 1016; x_wconf 90' lang='lat' dir='ltr'>Aristotelis</span> 
     </span>
     <span class='ocr_line' id='line_1_4' title="bbox 457 1051 1525 1143; baseline 0.003 -25"><span class='ocrx_word' id='word_1_21' title='bbox 457 1064 491 1120; x_wconf 92' lang='lat' dir='ltr'>et</span> <span class='ocrx_word' id='word_1_22' title='bbox 505 1051 687 1119; x_wconf 83' lang='lat' dir='ltr'>Stoicorum</span> <span class='ocrx_word' id='word_1_23' title='bbox 710 1054 894 1120; x_wconf 87' lang='lat' dir='ltr'>testimonio</span> <span class='ocrx_word' id='word_1_24' title='bbox 914 1056 1104 1122; x_wconf 87' lang='lat' dir='ltr'>confirmata</span> <span class='ocrx_word' id='word_1_25' title='bbox 1127 1068 1345 1143; x_wconf 89' lang='lat' dir='ltr'>exponuntur.</span> <span class='ocrx_word' id='word_1_26' title='bbox 1391 1058 1432 1123; x_wconf 90' lang='lat' dir='ltr'>cf.</span> <span class='ocrx_word' id='word_1_27' title='bbox 1450 1062 1470 1141; x_wconf 66' lang='grc' dir='ltr'>ξ</span> <span class='ocrx_word' id='word_1_28' title='bbox 1487 1060 1525 1123; x_wconf 76' lang='lat'>2:</span> 
     </span>
     <span class='ocr_line' id='line_1_5' title="bbox 456 1150 1525 1256; baseline 0.004 -28"><span class='ocrx_word' id='word_1_29' title='bbox 456 1158 568 1251; x_wconf 80' lang='grc' dir='ltr'><strong><em>τέχνη</em></strong></span> <span class='ocrx_word' id='word_1_30' title='bbox 585 1158 645 1250; x_wconf 78' lang='grc' dir='ltr'>γὰρ</span> <span class='ocrx_word' id='word_1_31' title='bbox 667 1150 689 1252; x_wconf 75' lang='grc' dir='ltr'><em>ἦ</em></span> <span class='ocrx_word' id='word_1_32' title='bbox 705 1154 834 1251; x_wconf 63' lang='lat' dir='ltr'>deseri·</span> <span class='ocrx_word' id='word_1_33' title='bbox 859 1168 954 1229; x_wconf 81' lang='grc' dir='ltr'><em>πᾶσα</em></span> <span class='ocrx_word' id='word_1_34' title='bbox 972 1163 1009 1230; x_wconf 78' lang='grc' dir='ltr'>δέ</span> <span class='ocrx_word' id='word_1_35' title='bbox 1024 1163 1116 1254; x_wconf 78' lang='grc' dir='ltr'><em>τέχνη</em></span> <span class='ocrx_word' id='word_1_36' title='bbox 1133 1161 1283 1254; x_wconf 79' lang='grc' dir='ltr'><em>σύστημα</em></span> <span class='ocrx_word' id='word_1_37' title='bbox 1299 1164 1335 1232; x_wconf 78' lang='grc' dir='ltr'>ἐκ</span> <span class='ocrx_word' id='word_1_38' title='bbox 1350 1162 1525 1256; x_wconf 75' lang='grc' dir='ltr'><em>θεωρημά-</em></span> 
     </span>
     <span class='ocr_line' id='line_1_6' title="bbox 456 1266 1525 1360; baseline 0.004 -25"><span class='ocrx_word' id='word_1_39' title='bbox 456 1292 522 1336; x_wconf 86' lang='grc' dir='ltr'><em>των</em></span> <span class='ocrx_word' id='word_1_40' title='bbox 545 1268 869 1357; x_wconf 73' lang='grc' dir='ltr'><em>συγγεγυμνασμένων</em></span> <span class='ocrx_word' id='word_1_41' title='bbox 893 1322 900 1336; x_wconf 95' lang='grc'><strong>.</strong></span> <span class='ocrx_word' id='word_1_42' title='bbox 920 1319 951 1335; x_wconf 87' lang='grc'>..</span> <span class='ocrx_word' id='word_1_43' title='bbox 976 1270 1074 1337; x_wconf 81' lang='grc' dir='ltr'><em>κατὰ</em></span> <span class='ocrx_word' id='word_1_44' title='bbox 1099 1271 1134 1337; x_wconf 80' lang='grc' dir='ltr'>δέ</span> <span class='ocrx_word' id='word_1_45' title='bbox 1150 1266 1215 1360; x_wconf 77' lang='grc' dir='ltr'><em>τὴν</em></span> <span class='ocrx_word' id='word_1_46' title='bbox 1239 1270 1525 1360; x_wconf 84' lang='grc' dir='ltr'><em>συγγυμνασίαν</em></span> 
     </span>
     <span class='ocr_line' id='line_1_7' title="bbox 455 1372 1524 1468; baseline 0.004 -27"><span class='ocrx_word' id='word_1_47' title='bbox 455 1372 494 1443; x_wconf 83' lang='grc' dir='ltr'>τὸ</span> <span class='ocrx_word' id='word_1_48' title='bbox 511 1372 598 1454; x_wconf 73' lang='grc' dir='ltr'><em>ἔθος,</em></span> <span class='ocrx_word' id='word_1_49' title='bbox 622 1385 654 1440; x_wconf 91' lang='lat' dir='ltr'>et</span> <span class='ocrx_word' id='word_1_50' title='bbox 669 1375 755 1442; x_wconf 85' lang='lat' dir='ltr'>infra</span> <span class='ocrx_word' id='word_1_51' title='bbox 771 1381 790 1458; x_wconf 63' lang='grc' dir='ltr'><strong>ἕ</strong></span> <span class='ocrx_word' id='word_1_52' title='bbox 809 1380 864 1444; x_wconf 84' lang='lat'>13:</span> <span class='ocrx_word' id='word_1_53' title='bbox 889 1375 1017 1464; x_wconf 78' lang='grc' dir='ltr'><em>φύσεως</em></span> <span class='ocrx_word' id='word_1_54' title='bbox 1031 1379 1088 1446; x_wconf 83' lang='grc' dir='ltr'>καὶ</span> <span class='ocrx_word' id='word_1_55' title='bbox 1109 1372 1310 1468; x_wconf 73' lang='grc' dir='ltr'><em>ἀσκήσεως</em></span> <span class='ocrx_word' id='word_1_56' title='bbox 1324 1377 1524 1447; x_wconf 77' lang='grc' dir='ltr'><em>διδασκαλία</em></span> 
     </span>
     <span class='ocr_line' id='line_1_8' title="bbox 459 1481 1525 1572; baseline -0.002 -21"><span class='ocrx_word' id='word_1_57' title='bbox 459 1481 575 1551; x_wconf 77' lang='grc' dir='ltr'><em>δεῖται.</em></span> <span class='ocrx_word' id='word_1_58' title='bbox 621 1482 686 1549; x_wconf 90' lang='lat' dir='ltr'>huc</span> <span class='ocrx_word' id='word_1_59' title='bbox 701 1484 799 1549; x_wconf 88' lang='lat' dir='ltr'>etiam</span> <span class='ocrx_word' id='word_1_60' title='bbox 813 1486 987 1570; x_wconf 84' lang='lat' dir='ltr'>pertinent,</span> <span class='ocrx_word' id='word_1_61' title='bbox 1005 1486 1138 1572; x_wconf 84' lang='lat' dir='ltr'>quaein</span> <span class='ocrx_word' id='word_1_62' title='bbox 1154 1484 1388 1551; x_wconf 74' lang='lat' dir='ltr'>declamatione</span> <span class='ocrx_word' id='word_1_63' title='bbox 1408 1485 1525 1552; x_wconf 91' lang='lat' dir='ltr'>adver-</span> 
     </span>
     <span class='ocr_line' id='line_1_9' title="bbox 456 1589 1522 1680; baseline 0.001 -25"><span class='ocrx_word' id='word_1_64' title='bbox 456 1591 541 1657; x_wconf 86' lang='lat' dir='ltr'>sario</span> <span class='ocrx_word' id='word_1_65' title='bbox 558 1589 807 1677; x_wconf 85' lang='lat' dir='ltr'>exprobrantur,</span> <span class='ocrx_word' id='word_1_66' title='bbox 831 1593 977 1680; x_wconf 91' lang='lat' dir='ltr'>quicum</span> <span class='ocrx_word' id='word_1_67' title='bbox 999 1601 1110 1658; x_wconf 90' lang='lat' dir='ltr'>nostro</span> <span class='ocrx_word' id='word_1_68' title='bbox 1133 1592 1290 1676; x_wconf 72' lang='lat' dir='ltr'>dissentit,</span> <span class='ocrx_word' id='word_1_69' title='bbox 1314 1615 1433 1680; x_wconf 89' lang='lat' dir='ltr'>nempe</span> <span class='ocrx_word' id='word_1_70' title='bbox 1449 1613 1522 1658; x_wconf 90' lang='lat' dir='ltr'>eum</span> 
     </span>
     <span class='ocr_line' id='line_1_10' title="bbox 457 1687 1524 1789; baseline 0.001 -25"><span class='ocrx_word' id='word_1_71' title='bbox 457 1691 509 1765; x_wconf 82' lang='lat' dir='ltr'>del</span> <span class='ocrx_word' id='word_1_72' title='bbox 532 1687 669 1778; x_wconf 73' lang='grc' dir='ltr'><em>ἁπλοῖς</em></span> <span class='ocrx_word' id='word_1_73' title='bbox 690 1724 727 1766; x_wconf 83' lang='grc' dir='ltr'>τε</span> <span class='ocrx_word' id='word_1_74' title='bbox 749 1698 806 1766; x_wconf 81' lang='grc' dir='ltr'><em>ναὶ</em></span> <span class='ocrx_word' id='word_1_75' title='bbox 828 1695 881 1789; x_wconf 81' lang='grc' dir='ltr'>μὴ</span> <span class='ocrx_word' id='word_1_76' title='bbox 902 1699 999 1784; x_wconf 86' lang='grc' dir='ltr'><em>μετὰ</em></span> <span class='ocrx_word' id='word_1_77' title='bbox 1022 1690 1195 1789; x_wconf 69' lang='grc' dir='ltr'><em>σπουδῆς</em></span> <span class='ocrx_word' id='word_1_78' title='bbox 1217 1700 1330 1786; x_wconf 81' lang='grc' dir='ltr'><em>λέγειν,</em></span> <span class='ocrx_word' id='word_1_79' title='bbox 1354 1700 1374 1765; x_wconf 89' lang='lat' dir='ltr'>i.</span> <span class='ocrx_word' id='word_1_80' title='bbox 1399 1723 1426 1764; x_wconf 89' lang='lat' dir='ltr'>e.</span> <span class='ocrx_word' id='word_1_81' title='bbox 1450 1723 1524 1765; x_wconf 93' lang='lat' dir='ltr'>eum</span> 
     </span>
     <span class='ocr_line' id='line_1_11' title="bbox 455 1805 1525 1894; baseline 0.003 -25"><span class='ocrx_word' id='word_1_82' title='bbox 455 1805 563 1870; x_wconf 88' lang='lat' dir='ltr'>omnia</span> <span class='ocrx_word' id='word_1_83' title='bbox 585 1806 739 1872; x_wconf 89' lang='lat' dir='ltr'>orationis</span> <span class='ocrx_word' id='word_1_84' title='bbox 763 1818 967 1889; x_wconf 86' lang='lat' dir='ltr'>ornamenta,</span> <span class='ocrx_word' id='word_1_85' title='bbox 996 1830 1079 1894; x_wconf 87' lang='lat' dir='ltr'>quae</span> <span class='ocrx_word' id='word_1_86' title='bbox 1106 1830 1149 1872; x_wconf 92' lang='lat' dir='ltr'>ex</span> <span class='ocrx_word' id='word_1_87' title='bbox 1175 1808 1291 1873; x_wconf 83' lang='lat' dir='ltr'>litteris</span> <span class='ocrx_word' id='word_1_88' title='bbox 1318 1818 1352 1873; x_wconf 94' lang='lat' dir='ltr'>et</span> <span class='ocrx_word' id='word_1_89' title='bbox 1375 1808 1525 1873; x_wconf 87' lang='lat' dir='ltr'>doctrina</span> 
     </span>
     <span class='ocr_line' id='line_1_12' title="bbox 457 1905 1532 2003; baseline 0 -23"><span class='ocrx_word' id='word_1_90' title='bbox 457 1923 621 2003; x_wconf 86' lang='lat' dir='ltr'>petantur,</span> <span class='ocrx_word' id='word_1_91' title='bbox 655 1937 815 2001; x_wconf 89' lang='lat' dir='ltr'>spernere.</span> <span class='ocrx_word' id='word_1_92' title='bbox 873 1916 964 2003; x_wconf 91' lang='lat' dir='ltr'>atqui</span> <span class='ocrx_word' id='word_1_93' title='bbox 996 1918 1037 1981; x_wconf 93' lang='lat' dir='ltr'>de</span> <span class='ocrx_word' id='word_1_94' title='bbox 1069 1918 1182 1984; x_wconf 87' lang='lat' dir='ltr'>eadem</span> <span class='ocrx_word' id='word_1_95' title='bbox 1217 1941 1254 1984; x_wconf 89' lang='lat' dir='ltr'>re</span> <span class='ocrx_word' id='word_1_96' title='bbox 1285 1920 1351 1984; x_wconf 89' lang='lat' dir='ltr'>iam</span> <span class='ocrx_word' id='word_1_97' title='bbox 1383 1905 1532 1982; x_wconf 75' lang='lat' dir='ltr'>vidimus&#39;</span> 
     </span>
     <span class='ocr_line' id='line_1_13' title="bbox 454 2022 1524 2114; baseline 0.002 -27"><span class='ocrx_word' id='word_1_98' title='bbox 454 2022 606 2110; x_wconf 86' lang='lat' dir='ltr'>partisB</span> <span class='ocrx_word' id='word_1_99' title='bbox 636 2024 825 2109; x_wconf 80' lang='lat' dir='ltr'>scriptorem</span> <span class='ocrx_word' id='word_1_100' title='bbox 858 2023 988 2110; x_wconf 87' lang='lat' dir='ltr'>litigare</span> <span class='ocrx_word' id='word_1_101' title='bbox 1019 2047 1092 2091; x_wconf 93' lang='lat' dir='ltr'>cum</span> <span class='ocrx_word' id='word_1_102' title='bbox 1116 2050 1166 2110; x_wconf 93' lang='lat' dir='ltr'>eo,</span> <span class='ocrx_word' id='word_1_103' title='bbox 1197 2027 1232 2091; x_wconf 91' lang='lat' dir='ltr'>in</span> <span class='ocrx_word' id='word_1_104' title='bbox 1266 2049 1363 2114; x_wconf 92' lang='lat' dir='ltr'>quem</span> <span class='ocrx_word' id='word_1_105' title='bbox 1394 2026 1524 2111; x_wconf 82' lang='lat' dir='ltr'>scripsit</span> 
     </span>
     <span class='ocr_line' id='line_1_14' title="bbox 458 2129 1522 2219; baseline 0.001 -24"><span class='ocrx_word' id='word_1_106' title='bbox 458 2130 513 2217; x_wconf 79' lang='lat' dir='ltr'>(cf.</span> <span class='ocrx_word' id='word_1_107' title='bbox 536 2153 569 2216; x_wconf 93' lang='lat' dir='ltr'>p.</span> <span class='ocrx_word' id='word_1_108' title='bbox 589 2129 651 2214; x_wconf 82' lang='lat'>14).</span> <span class='ocrx_word' id='word_1_109' title='bbox 697 2129 835 2213; x_wconf 88' lang='lat' dir='ltr'>accedit,</span> <span class='ocrx_word' id='word_1_110' title='bbox 858 2131 946 2217; x_wconf 91' lang='lat' dir='ltr'>quod</span> <span class='ocrx_word' id='word_1_111' title='bbox 961 2142 1128 2198; x_wconf 88' lang='lat' dir='ltr'>auctorem</span> <span class='ocrx_word' id='word_1_112' title='bbox 1150 2133 1179 2197; x_wconf 94' lang='lat' dir='ltr'><strong>B</strong></span> <span class='ocrx_word' id='word_1_113' title='bbox 1202 2134 1237 2199; x_wconf 89' lang='lat' dir='ltr'>in</span> <span class='ocrx_word' id='word_1_114' title='bbox 1252 2144 1399 2199; x_wconf 86' lang='lat' dir='ltr'>veterum</span> <span class='ocrx_word' id='word_1_115' title='bbox 1421 2131 1522 2219; x_wconf 92' lang='lat' dir='ltr'>philo-</span> 
     </span>
     <span class='ocr_line' id='line_1_15' title="bbox 457 2223 1523 2323; baseline 0.002 -20"><span class='ocrx_word' id='word_1_116' title='bbox 457 2235 631 2322; x_wconf 90' lang='lat' dir='ltr'>sophorum</span> <span class='ocrx_word' id='word_1_117' title='bbox 659 2237 787 2323; x_wconf 89' lang='lat' dir='ltr'>scriptis</span> <span class='ocrx_word' id='word_1_118' title='bbox 814 2249 881 2303; x_wconf 87' lang='lat' dir='ltr'>tam</span> <span class='ocrx_word' id='word_1_119' title='bbox 908 2238 1090 2308; x_wconf 88' lang='lat' dir='ltr'>volutatum</span> <span class='ocrx_word' id='word_1_120' title='bbox 1112 2239 1261 2305; x_wconf 83' lang='lat' dir='ltr'>videmus</span> <span class='ocrx_word' id='word_1_121' title='bbox 1290 2263 1360 2306; x_wconf 90' lang='lat' dir='ltr'>esse</span> <span class='ocrx_word' id='word_1_122' title='bbox 1388 2251 1420 2305; x_wconf 94' lang='lat' dir='ltr'>et</span> <span class='ocrx_word' id='word_1_123' title='bbox 1448 2223 1523 2305; x_wconf 87' lang='lat' dir='ltr'>cum</span> 
     </span>
     <span class='ocr_line' id='line_1_16' title="bbox 455 2344 1522 2435; baseline 0.003 -25"><span class='ocrx_word' id='word_1_124' title='bbox 455 2355 546 2410; x_wconf 86' lang='lat' dir='ltr'>tanta</span> <span class='ocrx_word' id='word_1_125' title='bbox 577 2344 719 2410; x_wconf 90' lang='lat' dir='ltr'>sollertia</span> <span class='ocrx_word' id='word_1_126' title='bbox 751 2347 873 2411; x_wconf 89' lang='lat' dir='ltr'>versari</span> <span class='ocrx_word' id='word_1_127' title='bbox 903 2347 939 2411; x_wconf 91' lang='lat' dir='ltr'>in</span> <span class='ocrx_word' id='word_1_128' title='bbox 971 2346 1233 2433; x_wconf 87' lang='lat' dir='ltr'>philosophorum</span> <span class='ocrx_word' id='word_1_129' title='bbox 1270 2348 1522 2435; x_wconf 85' lang='lat' dir='ltr'>argumentandi</span> 
     </span>
     <span class='ocr_line' id='line_1_17' title="bbox 453 2451 1522 2542; baseline 0.003 -25"><span class='ocrx_word' id='word_1_130' title='bbox 453 2453 590 2531; x_wconf 87' lang='lat' dir='ltr'>ratione,</span> <span class='ocrx_word' id='word_1_131' title='bbox 613 2461 651 2517; x_wconf 92' lang='lat' dir='ltr'>ut</span> <span class='ocrx_word' id='word_1_132' title='bbox 673 2451 782 2517; x_wconf 84' lang='lat' dir='ltr'>facere</span> <span class='ocrx_word' id='word_1_133' title='bbox 805 2476 869 2518; x_wconf 91' lang='lat' dir='ltr'>non</span> <span class='ocrx_word' id='word_1_134' title='bbox 891 2455 1066 2540; x_wconf 89' lang='lat' dir='ltr'>possimus,</span> <span class='ocrx_word' id='word_1_135' title='bbox 1096 2455 1174 2542; x_wconf 91' lang='lat' dir='ltr'>quin</span> <span class='ocrx_word' id='word_1_136' title='bbox 1201 2456 1287 2520; x_wconf 89' lang='lat' dir='ltr'>inter</span> <span class='ocrx_word' id='word_1_137' title='bbox 1316 2454 1522 2541; x_wconf 91' lang='lat' dir='ltr'>philosophos</span> 
     </span>
     <span class='ocr_line' id='line_1_18' title="bbox 455 2559 1522 2648; baseline 0.003 -23"><span class='ocrx_word' id='word_1_138' title='bbox 455 2582 529 2625; x_wconf 87' lang='lat' dir='ltr'>eum</span> <span class='ocrx_word' id='word_1_139' title='bbox 556 2559 793 2625; x_wconf 87' lang='lat' dir='ltr'>numerandum</span> <span class='ocrx_word' id='word_1_140' title='bbox 824 2583 894 2625; x_wconf 90' lang='lat' dir='ltr'>esse</span> <span class='ocrx_word' id='word_1_141' title='bbox 925 2562 1151 2627; x_wconf 88' lang='lat' dir='ltr'>concedamus.</span> <span class='ocrx_word' id='word_1_142' title='bbox 1196 2562 1231 2628; x_wconf 89' lang='lat' dir='ltr'>in</span> <span class='ocrx_word' id='word_1_143' title='bbox 1261 2562 1522 2648; x_wconf 90' lang='lat' dir='ltr'>philosophorum</span> 
     </span>
     <span class='ocr_line' id='line_1_19' title="bbox 454 2668 1521 2756; baseline 0.001 -24"><span class='ocrx_word' id='word_1_144' title='bbox 454 2676 562 2732; x_wconf 90' lang='lat' dir='ltr'>autem</span> <span class='ocrx_word' id='word_1_145' title='bbox 592 2688 726 2731; x_wconf 90' lang='lat' dir='ltr'>numero</span> <span class='ocrx_word' id='word_1_146' title='bbox 759 2677 926 2733; x_wconf 89' lang='lat' dir='ltr'>auctorem</span> <span class='ocrx_word' id='word_1_147' title='bbox 956 2668 990 2733; x_wconf 89' lang='lat' dir='ltr'>A</span> <span class='ocrx_word' id='word_1_148' title='bbox 1020 2668 1208 2755; x_wconf 90' lang='lat' dir='ltr'>ponendum</span> <span class='ocrx_word' id='word_1_149' title='bbox 1244 2692 1314 2734; x_wconf 88' lang='lat' dir='ltr'>esse</span> <span class='ocrx_word' id='word_1_150' title='bbox 1348 2669 1415 2735; x_wconf 91' lang='lat' dir='ltr'>suis</span> <span class='ocrx_word' id='word_1_151' title='bbox 1451 2670 1521 2756; x_wconf 92' lang='lat' dir='ltr'>ipse</span> 
     </span>
     <span class='ocr_line' id='line_1_20' title="bbox 453 2765 1522 2865; baseline 0.003 -26"><span class='ocrx_word' id='word_1_152' title='bbox 453 2775 562 2839; x_wconf 89' lang='lat' dir='ltr'>verbis</span> <span class='ocrx_word' id='word_1_153' title='bbox 586 2772 681 2838; x_wconf 92' lang='lat' dir='ltr'>docet</span> <span class='ocrx_word' id='word_1_154' title='bbox 704 2774 737 2857; x_wconf 65' lang='grc' dir='ltr'>(ἓ</span> <span class='ocrx_word' id='word_1_155' title='bbox 763 2774 811 2859; x_wconf 83' lang='grc'>2);</span> <span class='ocrx_word' id='word_1_156' title='bbox 849 2769 887 2842; x_wconf 73' lang='grc' dir='ltr'>οὗ</span> <span class='ocrx_word' id='word_1_157' title='bbox 910 2775 972 2861; x_wconf 82' lang='grc' dir='ltr'><em>μὲν</em></span> <span class='ocrx_word' id='word_1_158' title='bbox 1000 2774 1039 2865; x_wconf 80' lang='grc' dir='ltr'>δὴ</span> <span class='ocrx_word' id='word_1_159' title='bbox 1067 2777 1193 2864; x_wconf 79' lang='grc' dir='ltr'><em>πρέπει</em></span> <span class='ocrx_word' id='word_1_160' title='bbox 1219 2765 1338 2865; x_wconf 64' lang='grc' dir='ltr'><em>ἄνδρας</em></span> <span class='ocrx_word' id='word_1_161' title='bbox 1360 2774 1522 2865; x_wconf 80' lang='grc' dir='ltr'><em>φιλοσό-</em></span> 
     </span>
     <span class='ocr_line' id='line_1_21' title="bbox 451 2869 1521 2972; baseline 0 -23"><span class='ocrx_word' id='word_1_162' title='bbox 451 2906 546 2971; x_wconf 83' lang='grc' dir='ltr'><em>φους</em></span> <span class='ocrx_word' id='word_1_163' title='bbox 569 2884 698 2970; x_wconf 81' lang='grc' dir='ltr'><em>φρονεῖν</em></span> <span class='ocrx_word' id='word_1_164' title='bbox 721 2869 818 2971; x_wconf 74' lang='grc' dir='ltr'><em>ἧττον</em></span> <span class='ocrx_word' id='word_1_165' title='bbox 837 2878 1045 2968; x_wconf 79' lang='grc' dir='ltr'><em>Ἱππομάχου</em></span> <span class='ocrx_word' id='word_1_166' title='bbox 1060 2890 1118 2952; x_wconf 78' lang='grc' dir='ltr'>τοῦ</span> <span class='ocrx_word' id='word_1_167' title='bbox 1141 2889 1332 2972; x_wconf 84' lang='grc' dir='ltr'><em>γυμναστοῦ·</em></span> <span class='ocrx_word' id='word_1_168' title='bbox 1357 2878 1521 2951; x_wconf 76' lang='grc' dir='ltr'><em>ἀλλὰκαὶ</em></span> 
     </span>
     <span class='ocr_line' id='line_1_22' title="bbox 457 2983 1520 3078; baseline 0.002 -25"><span class='ocrx_word' id='word_1_169' title='bbox 457 2983 574 3078; x_wconf 75' lang='grc' dir='ltr'><em>ἡμεῖς.</em></span> <span class='ocrx_word' id='word_1_170' title='bbox 593 3039 600 3052; x_wconf 96' lang='grc'><strong>.</strong></span> <span class='ocrx_word' id='word_1_171' title='bbox 619 3038 637 3068; x_wconf 88' lang='grc'>.,</span> <span class='ocrx_word' id='word_1_172' title='bbox 660 2987 714 3054; x_wconf 86' lang='lat' dir='ltr'>vel</span> <span class='ocrx_word' id='word_1_173' title='bbox 737 2992 805 3072; x_wconf 72' lang='lat'>§5,</span> <span class='ocrx_word' id='word_1_174' title='bbox 827 2989 995 3077; x_wconf 88' lang='lat' dir='ltr'>inquibus</span> <span class='ocrx_word' id='word_1_175' title='bbox 1018 3014 1102 3077; x_wconf 88' lang='lat' dir='ltr'>quae</span> <span class='ocrx_word' id='word_1_176' title='bbox 1126 3001 1175 3057; x_wconf 90' lang='lat' dir='ltr'>est</span> <span class='ocrx_word' id='word_1_177' title='bbox 1199 2992 1397 3077; x_wconf 88' lang='lat' dir='ltr'>comparatio</span> <span class='ocrx_word' id='word_1_178' title='bbox 1420 2990 1520 3077; x_wconf 91' lang='lat' dir='ltr'>philo·</span> 
     </span>
     <span class='ocr_line' id='line_1_23' title="bbox 453 3094 1522 3184; baseline 0.001 -24"><span class='ocrx_word' id='word_1_179' title='bbox 453 3094 627 3181; x_wconf 89' lang='lat' dir='ltr'>sophorum</span> <span class='ocrx_word' id='word_1_180' title='bbox 642 3104 675 3159; x_wconf 93' lang='lat' dir='ltr'>et</span> <span class='ocrx_word' id='word_1_181' title='bbox 689 3094 848 3181; x_wconf 88' lang='lat' dir='ltr'>pugilum,</span> <span class='ocrx_word' id='word_1_182' title='bbox 871 3099 959 3162; x_wconf 90' lang='lat' dir='ltr'>omni</span> <span class='ocrx_word' id='word_1_183' title='bbox 974 3121 1071 3163; x_wconf 89' lang='lat' dir='ltr'>sensu</span> <span class='ocrx_word' id='word_1_184' title='bbox 1086 3109 1224 3181; x_wconf 86' lang='lat' dir='ltr'>careret,</span> <span class='ocrx_word' id='word_1_185' title='bbox 1247 3100 1311 3163; x_wconf 86' lang='lat' dir='ltr'>nisi</span> <span class='ocrx_word' id='word_1_186' title='bbox 1326 3099 1394 3184; x_wconf 89' lang='lat' dir='ltr'>ipse</span> <span class='ocrx_word' id='word_1_187' title='bbox 1410 3107 1522 3162; x_wconf 87' lang='lat' dir='ltr'>auctor</span> 
     </span>
     <span class='ocr_line' id='line_1_24' title="bbox 453 3200 1521 3291; baseline 0.001 -25"><span class='ocrx_word' id='word_1_188' title='bbox 453 3201 662 3289; x_wconf 86' lang='lat' dir='ltr'>philosophus</span> <span class='ocrx_word' id='word_1_189' title='bbox 685 3200 797 3268; x_wconf 86' lang='lat' dir='ltr'>heberi</span> <span class='ocrx_word' id='word_1_190' title='bbox 819 3204 926 3270; x_wconf 91' lang='lat' dir='ltr'>vellet.</span> <span class='ocrx_word' id='word_1_191' title='bbox 964 3204 1104 3291; x_wconf 90' lang='lat' dir='ltr'>denique</span> <span class='ocrx_word' id='word_1_192' title='bbox 1127 3228 1201 3270; x_wconf 86' lang='lat' dir='ltr'>eam</span> <span class='ocrx_word' id='word_1_193' title='bbox 1224 3227 1309 3291; x_wconf 84' lang='lat' dir='ltr'>quse</span> <span class='ocrx_word' id='word_1_194' title='bbox 1328 3203 1376 3270; x_wconf 88' lang='lat' dir='ltr'>his</span> <span class='ocrx_word' id='word_1_195' title='bbox 1392 3227 1411 3270; x_wconf 94' lang='lat' dir='ltr'>e</span> <span class='ocrx_word' id='word_1_196' title='bbox 1426 3205 1521 3269; x_wconf 89' lang='lat' dir='ltr'>ratio-</span> 
     </span>
     <span class='ocr_line' id='line_1_25' title="bbox 452 3309 1521 3397; baseline -0.001 -22"><span class='ocrx_word' id='word_1_197' title='bbox 452 3309 549 3376; x_wconf 83' lang='lat' dir='ltr'>nibus</span> <span class='ocrx_word' id='word_1_198' title='bbox 580 3311 762 3375; x_wconf 87' lang='lat' dir='ltr'>neoessaric</span> <span class='ocrx_word' id='word_1_199' title='bbox 796 3310 936 3376; x_wconf 88' lang='lat' dir='ltr'>efficitur</span> <span class='ocrx_word' id='word_1_200' title='bbox 968 3314 1162 3378; x_wconf 87' lang='lat' dir='ltr'>sententiam</span> <span class='ocrx_word' id='word_1_201' title='bbox 1196 3312 1223 3376; x_wconf 92' lang='lat' dir='ltr'>si</span> <span class='ocrx_word' id='word_1_202' title='bbox 1255 3312 1425 3397; x_wconf 85' lang='lat' dir='ltr'>amplexus</span> <span class='ocrx_word' id='word_1_203' title='bbox 1448 3312 1521 3392; x_wconf 85' lang='lat' dir='ltr'>eris,</span> 
     </span>
     <span class='ocr_line' id='line_1_26' title="bbox 454 3419 1522 3506; baseline -0.001 -23"><span class='ocrx_word' id='word_1_204' title='bbox 454 3420 547 3506; x_wconf 88' lang='lat' dir='ltr'>quasi</span> <span class='ocrx_word' id='word_1_205' title='bbox 569 3419 719 3485; x_wconf 91' lang='lat' dir='ltr'>manibus</span> <span class='ocrx_word' id='word_1_206' title='bbox 743 3440 874 3483; x_wconf 88' lang='lat' dir='ltr'>causam</span> <span class='ocrx_word' id='word_1_207' title='bbox 901 3419 1040 3502; x_wconf 87' lang='lat' dir='ltr'>tenebis,</span> <span class='ocrx_word' id='word_1_208' title='bbox 1073 3441 1138 3506; x_wconf 89' lang='lat' dir='ltr'>qua</span> <span class='ocrx_word' id='word_1_209' title='bbox 1169 3419 1293 3484; x_wconf 86' lang='lat' dir='ltr'>facturn</span> <span class='ocrx_word' id='word_1_210' title='bbox 1321 3428 1379 3496; x_wconf 89' lang='lat' dir='ltr'>est,</span> <span class='ocrx_word' id='word_1_211' title='bbox 1408 3430 1444 3483; x_wconf 95' lang='lat' dir='ltr'>ut</span> <span class='ocrx_word' id='word_1_212' title='bbox 1467 3440 1522 3483; x_wconf 84' lang='lat' dir='ltr'>ex-</span> 
     </span>
     <span class='ocr_line' id='line_1_27' title="bbox 454 3526 1518 3613; baseline 0 -22"><span class='ocrx_word' id='word_1_213' title='bbox 454 3536 567 3613; x_wconf 89' lang='lat' dir='ltr'>cerpta</span> <span class='ocrx_word' id='word_1_214' title='bbox 580 3526 716 3591; x_wconf 90' lang='lat' dir='ltr'>duorum</span> <span class='ocrx_word' id='word_1_215' title='bbox 733 3526 960 3612; x_wconf 89' lang='lat' dir='ltr'>opusculorum</span> <span class='ocrx_word' id='word_1_216' title='bbox 975 3528 1172 3591; x_wconf 91' lang='lat' dir='ltr'>coniunctim</span> <span class='ocrx_word' id='word_1_217' title='bbox 1194 3526 1286 3591; x_wconf 91' lang='lat' dir='ltr'>libris</span> <span class='ocrx_word' id='word_1_218' title='bbox 1302 3526 1518 3591; x_wconf 84' lang='lat' dir='ltr'>traderentur.</span> 
     </span>
     <span class='ocr_line' id='line_1_28' title="bbox 454 3633 1521 3720; baseline -0.003 -21"><span class='ocrx_word' id='word_1_219' title='bbox 454 3636 608 3699; x_wconf 88' lang='lat' dir='ltr'>nimirum</span> <span class='ocrx_word' id='word_1_220' title='bbox 641 3657 715 3699; x_wconf 90' lang='lat' dir='ltr'>cum</span> <span class='ocrx_word' id='word_1_221' title='bbox 747 3634 843 3698; x_wconf 91' lang='lat' dir='ltr'>unius</span> <span class='ocrx_word' id='word_1_222' title='bbox 876 3636 1019 3699; x_wconf 91' lang='lat' dir='ltr'>auctoris</span> <span class='ocrx_word' id='word_1_223' title='bbox 1052 3634 1207 3720; x_wconf 91' lang='lat' dir='ltr'>opuscula</span> <span class='ocrx_word' id='word_1_224' title='bbox 1239 3644 1360 3716; x_wconf 91' lang='lat' dir='ltr'>essent,</span> <span class='ocrx_word' id='word_1_225' title='bbox 1398 3633 1521 3699; x_wconf 90' lang='lat' dir='ltr'>eisdem</span> 
     </span>
     <span class='ocr_line' id='line_1_29' title="bbox 451 3740 1520 3827; baseline -0.002 -21"><span class='ocrx_word' id='word_1_226' title='bbox 451 3740 543 3807; x_wconf 88' lang='lat' dir='ltr'>libris</span> <span class='ocrx_word' id='word_1_227' title='bbox 558 3742 786 3826; x_wconf 88' lang='lat' dir='ltr'>manuscriptis</span> <span class='ocrx_word' id='word_1_228' title='bbox 803 3741 1064 3824; x_wconf 89' lang='lat' dir='ltr'>continebantur,</span> <span class='ocrx_word' id='word_1_229' title='bbox 1086 3742 1133 3807; x_wconf 89' lang='lat' dir='ltr'>ita</span> <span class='ocrx_word' id='word_1_230' title='bbox 1148 3752 1184 3805; x_wconf 92' lang='lat' dir='ltr'>ut</span> <span class='ocrx_word' id='word_1_231' title='bbox 1199 3740 1412 3827; x_wconf 87' lang='lat' dir='ltr'>epitomatori,</span> <span class='ocrx_word' id='word_1_232' title='bbox 1437 3762 1520 3827; x_wconf 87' lang='lat' dir='ltr'>quae</span> 
     </span>
     <span class='ocr_line' id='line_1_30' title="bbox 454 3846 1521 3934; baseline -0.003 -20"><span class='ocrx_word' id='word_1_233' title='bbox 454 3850 654 3915; x_wconf 90' lang='lat' dir='ltr'>coniunctim</span> <span class='ocrx_word' id='word_1_234' title='bbox 678 3847 771 3913; x_wconf 89' lang='lat' dir='ltr'>nobis</span> <span class='ocrx_word' id='word_1_235' title='bbox 794 3848 939 3931; x_wconf 88' lang='lat' dir='ltr'>tradidit,</span> <span class='ocrx_word' id='word_1_236' title='bbox 965 3848 1194 3934; x_wconf 86' lang='lat' dir='ltr'>coniungenda</span> <span class='ocrx_word' id='word_1_237' title='bbox 1217 3871 1281 3913; x_wconf 91' lang='lat' dir='ltr'>non</span> <span class='ocrx_word' id='word_1_238' title='bbox 1303 3847 1438 3929; x_wconf 85' lang='lat' dir='ltr'>fuerint,</span> <span class='ocrx_word' id='word_1_239' title='bbox 1462 3846 1521 3911; x_wconf 87' lang='lat' dir='ltr'>sed</span> 
     </span>
     <span class='ocr_line' id='line_1_31' title="bbox 453 3954 1522 4042; baseline -0.005 -20"><span class='ocrx_word' id='word_1_240' title='bbox 453 3956 625 4022; x_wconf 88' lang='lat' dir='ltr'>coniuncta</span> <span class='ocrx_word' id='word_1_241' title='bbox 648 3956 690 4020; x_wconf 87' lang='lat' dir='ltr'>ab</span> <span class='ocrx_word' id='word_1_242' title='bbox 707 3956 776 4041; x_wconf 86' lang='lat' dir='ltr'>ipso</span> <span class='ocrx_word' id='word_1_243' title='bbox 792 3957 856 4020; x_wconf 87' lang='lat' dir='ltr'>sint</span> <span class='ocrx_word' id='word_1_244' title='bbox 872 3956 1075 4042; x_wconf 91' lang='lat' dir='ltr'>deprehensa</span> <span class='ocrx_word' id='word_1_245' title='bbox 1096 3966 1128 4020; x_wconf 89' lang='lat' dir='ltr'>et</span> <span class='ocrx_word' id='word_1_246' title='bbox 1144 3965 1289 4041; x_wconf 89' lang='lat' dir='ltr'>accepta.</span> <span class='ocrx_word' id='word_1_247' title='bbox 1334 3955 1401 4019; x_wconf 88' lang='lat' dir='ltr'>iam</span> <span class='ocrx_word' id='word_1_248' title='bbox 1422 3954 1522 4019; x_wconf 88' lang='lat' dir='ltr'>instat</span> 
     </span>
     <span class='ocr_line' id='line_1_32' title="bbox 453 4061 1521 4151; baseline -0.003 -23"><span class='ocrx_word' id='word_1_249' title='bbox 453 4064 599 4151; x_wconf 90' lang='lat' dir='ltr'>quaestio</span> <span class='ocrx_word' id='word_1_250' title='bbox 628 4062 668 4127; x_wconf 91' lang='lat' dir='ltr'>de</span> <span class='ocrx_word' id='word_1_251' title='bbox 695 4064 836 4128; x_wconf 86' lang='lat' dir='ltr'>auctoris</span> <span class='ocrx_word' id='word_1_252' title='bbox 859 4064 961 4149; x_wconf 89' lang='lat' dir='ltr'>ipsius</span> <span class='ocrx_word' id='word_1_253' title='bbox 984 4072 1091 4128; x_wconf 87' lang='lat' dir='ltr'>aetate</span> <span class='ocrx_word' id='word_1_254' title='bbox 1116 4071 1148 4127; x_wconf 92' lang='lat' dir='ltr'>et</span> <span class='ocrx_word' id='word_1_255' title='bbox 1171 4084 1319 4148; x_wconf 87' lang='lat' dir='ltr'>persona.</span> <span class='ocrx_word' id='word_1_256' title='bbox 1366 4061 1521 4127; x_wconf 88' lang='lat' dir='ltr'>sedeam</span> 
     </span>
     <span class='ocr_line' id='line_1_33' title="bbox 451 4168 1521 4257; baseline -0.004 -21"><span class='ocrx_word' id='word_1_257' title='bbox 451 4180 488 4236; x_wconf 93' lang='lat' dir='ltr'>ut</span> <span class='ocrx_word' id='word_1_258' title='bbox 511 4170 694 4257; x_wconf 85' lang='lat' dir='ltr'>expeditius</span> <span class='ocrx_word' id='word_1_259' title='bbox 718 4180 751 4235; x_wconf 92' lang='lat' dir='ltr'>et</span> <span class='ocrx_word' id='word_1_260' title='bbox 774 4170 959 4236; x_wconf 88' lang='lat' dir='ltr'>accuratius</span> <span class='ocrx_word' id='word_1_261' title='bbox 986 4170 1158 4252; x_wconf 91' lang='lat' dir='ltr'>solvamus,</span> <span class='ocrx_word' id='word_1_262' title='bbox 1191 4192 1324 4235; x_wconf 89' lang='lat' dir='ltr'>necesse</span> <span class='ocrx_word' id='word_1_263' title='bbox 1357 4178 1405 4233; x_wconf 90' lang='lat' dir='ltr'>est</span> <span class='ocrx_word' id='word_1_264' title='bbox 1431 4168 1521 4255; x_wconf 87' lang='lat' dir='ltr'>prius</span> 
     </span>
     <span class='ocr_line' id='line_1_34' title="bbox 450 4274 1521 4365; baseline -0.004 -23"><span class='ocrx_word' id='word_1_265' title='bbox 450 4300 490 4342; x_wconf 86' lang='lat' dir='ltr'>ea</span> <span class='ocrx_word' id='word_1_266' title='bbox 511 4277 676 4363; x_wconf 87' lang='lat' dir='ltr'>praesidia</span> <span class='ocrx_word' id='word_1_267' title='bbox 698 4300 860 4365; x_wconf 90' lang='lat' dir='ltr'>paremus,</span> <span class='ocrx_word' id='word_1_268' title='bbox 884 4300 970 4364; x_wconf 90' lang='lat' dir='ltr'>quae</span> <span class='ocrx_word' id='word_1_269' title='bbox 993 4274 1062 4343; x_wconf 88' lang='lat' dir='ltr'>sola</span> <span class='ocrx_word' id='word_1_270' title='bbox 1085 4276 1180 4342; x_wconf 91' lang='lat' dir='ltr'>nobis</span> <span class='ocrx_word' id='word_1_271' title='bbox 1202 4278 1238 4341; x_wconf 90' lang='lat' dir='ltr'>in</span> <span class='ocrx_word' id='word_1_272' title='bbox 1261 4298 1360 4341; x_wconf 91' lang='lat' dir='ltr'>causa</span> <span class='ocrx_word' id='word_1_273' title='bbox 1381 4274 1521 4341; x_wconf 91' lang='lat' dir='ltr'>hominis</span> 
     </span>
     <span class='ocr_line' id='line_1_35' title="bbox 451 4382 1521 4473; baseline -0.004 -24"><span class='ocrx_word' id='word_1_274' title='bbox 451 4384 548 4473; x_wconf 86' lang='lat' dir='ltr'>plane</span> <span class='ocrx_word' id='word_1_275' title='bbox 570 4385 673 4471; x_wconf 84' lang='lat' dir='ltr'>ignoti</span> <span class='ocrx_word' id='word_1_276' title='bbox 696 4393 885 4471; x_wconf 87' lang='lat' dir='ltr'>suppetant:</span> <span class='ocrx_word' id='word_1_277' title='bbox 914 4384 988 4451; x_wconf 93' lang='lat' dir='ltr'>dico</span> <span class='ocrx_word' id='word_1_278' title='bbox 1010 4386 1082 4470; x_wconf 90' lang='lat' dir='ltr'>ipsa</span> <span class='ocrx_word' id='word_1_279' title='bbox 1105 4385 1271 4471; x_wconf 91' lang='lat' dir='ltr'>scriptoris</span> <span class='ocrx_word' id='word_1_280' title='bbox 1294 4382 1396 4447; x_wconf 89' lang='lat' dir='ltr'>verba</span> <span class='ocrx_word' id='word_1_281' title='bbox 1418 4383 1521 4447; x_wconf 90' lang='lat' dir='ltr'>inten-</span> 
     </span>
    </p>
   </div>
   <div class='ocr_carea' id='block_1_3' title="bbox 0 0 1918 5384">
    <p class='ocr_par' dir='ltr' id='par_1_3' title="bbox 0 0 1918 5384">
     <span class='ocr_line' id='line_1_36' title="bbox 0 0 1918 5384; baseline 0 1"><span class='ocrx_word' id='word_1_282' title='bbox 0 0 1918 5384; x_wconf 95' lang='lat' dir='ltr'> </span> 
     </span>
    </p>
   </div>
  </div>
 </body>
</html>
