3825 5384
827 648 1050 712 ..31-

399 821 548 888 conferas
578 823 677 888 velim
709 826 727 908 ξ
757 826 810 907 11,
849 822 907 889 ubi
946 835 1157 911 opponuntur
1195 818 1403 915 πιπράσκειν
1440 832 1473 891 et

400 919 572 1017 ὠνεῖσθαι,
600 930 657 995 sed
685 929 812 996 dulcius
838 930 886 997 illi
914 931 1048 1017 quidem
1077 931 1209 998 videtur
1235 932 1337 999 fluere
1369 932 1471 999 oratio

399 1037 554 1125 oppositis
577 1034 692 1105 ἑαυτὸν
715 1046 748 1103 et
763 1035 868 1127 ἑαυτῷ
890 1038 945 1104 vel
966 1040 1056 1122 520,
1080 1037 1138 1103 ubi
1160 1049 1288 1105 tantum
1310 1040 1414 1123 abest,
1436 1047 1473 1103 ut

399 1152 542 1230 opponat
564 1149 655 1210 θεῶν
677 1144 734 1211 καὶ
761 1136 878 1235 ηρώιον
905 1142 1025 1225 εἰκόνες
1052 1157 1085 1211 et
1107 1142 1150 1212 wi
1173 1148 1284 1235 γελοῖα
1312 1146 1369 1215 καὶ
1397 1136 1472 1213 ‹iret-

399 1251 505 1317 λαστα
528 1255 593 1319 τῶν
616 1249 781 1335 πινόεκιον,
810 1263 847 1317 ut
870 1252 962 1319 malit
989 1249 1167 1342 γράφονται
1189 1247 1472 1344 μέν-γράφεται

399 1357 445 1438 δέ,
469 1357 525 1423 vel
546 1359 566 1443 ξ
590 1361 644 1442 34,
672 1360 731 1425 ubi
752 1381 812 1446 pro
835 1357 962 1440 ἔξωθεν
988 1359 1050 1445 μέν
1065 1398 1108 1408 -
1123 1358 1258 1428 ἔνδοθεν
1280 1360 1317 1428 (iri
1340 1360 1473 1448 opponit

398 1459 483 1554 καλὴ
497 1462 703 1555 μέν-καλὴ
721 1466 768 1545 δὲ.
809 1468 1080 1553 oppositiones
1103 1477 1227 1551 entem,
1251 1490 1337 1555 quae
1361 1490 1472 1535 occur-

399 1580 485 1654 runt,
522 1594 634 1638 omnes
666 1574 694 1637 si
715 1572 833 1639 vellem
857 1595 1060 1658 enumerare,
1084 1583 1153 1641 tota
1176 1574 1244 1639 fere
1266 1575 1368 1641 oratio
1391 1573 1472 1639 mihi

274 1723 277 1729 -
399 1688 484 1743 esset
498 1678 743 1765 perscribenda3
768 1680 922 1747 facillime
938 1682 972 1746 in
987 1681 1188 1768 perlegenda
1204 1704 1243 1747 ea
1257 1684 1328 1770 ipse
1342 1680 1472 1767 colliges

400 1786 561 1872 exempla,
577 1809 714 1873 quorum
730 1790 808 1852 satis
823 1787 929 1853 habeo
944 1790 1028 1854 haec
1043 1790 1147 1875 magis
1163 1789 1338 1875 conspicua
1353 1789 1469 1854 afferre

398 1893 483 1981 μέγα
505 1899 611 1983 μικρη”
634 1896 700 1979 ξῖ,
723 1890 824 1982 μικροὶ
844 1901 890 1983 τῷ
905 1896 1027 1984 κέντρῳ
1043 1889 1208 1976 νόττοντες
1221 1889 1348 1984 μεγάλα
1371 1894 1469 1985 κέρδη

399 2002 607 2091 παρέχουσιν,
639 2002 698 2068 nbi
727 2002 881 2089 respicias
909 2000 1139 2095 παρήχησιν.
1185 2013 1355 2090 praeterea
1382 2000 1470 2067 haud

398 2130 484 2193 raro,
512 2108 547 2175 id
569 2111 658 2197 quod
688 2132 762 2175 cum
790 2111 846 2175 alii
873 2120 943 2175 tum
967 2110 1127 2176 Aristides
1151 2132 1277 2178 summo
1299 2130 1469 2196 perseque-

399 2215 519 2281 bantur
542 2218 660 2300 studio,
683 2240 749 2283 non
772 2217 850 2303 quia
872 2240 925 2283 res
949 2218 1089 2303 expetit,
1114 2217 1170 2282 sed
1193 2228 1230 2283 ut
1252 2218 1393 2282 sermoni
1415 2214 1470 2280 cd-

400 2322 496 2388 datur
518 2322 720 2415 λαμπρότης,
754 2321 925 2414 περιβολή,
957 2321 1115 2415 σεμνότης
1146 2324 1291 2410 (Schmid
1317 2325 1355 2405 H
1381 2322 1472 2408 281),

399 2430 488 2495 nulle
525 2432 749 2498 intercedente
786 2433 1024 2497 sententiarum
1061 2431 1262 2515 discrimine,
1293 2431 1470 2497 earundem

399 2560 510 2603 rerum
533 2549 741 2625 opponuntur
764 2549 797 2605 et
820 2538 995 2604 affirmatio
1018 2550 1051 2605 et
1074 2540 1215 2625 negatio,
1240 2548 1277 2605 nt
1299 2549 1389 2604 eunt:

489 2702 508 2783 ἕ
542 2702 562 2767 5
586 2700 836 2791 προβεβλημένη
861 2690 898 2768 οὗ
922 2697 979 2767 tto
993 2705 1111 2789 χεῖρας,
1136 2694 1221 2767 ἀλλὰ
1243 2701 1368 2785 μᾶλλον
1390 2695 1472 2777 ἴσως

584 2808 669 2875 κατὰ
692 2803 748 2875 τόν
771 2806 948 2897 Βριάρεων,

489 2916 562 2997 §10
586 2906 715 2995 οόόενός
736 2910 835 2982 αότόν
850 2912 1070 3006 κηρύττοντος,
1095 2904 1180 2981 ἀλλὰ
1205 2914 1291 3003 λέγει
1311 2903 1409 2992 αότός
1425 2964 1432 2979 .
1450 2965 1468 2994 .,

487 3024 558 3105 §11
583 3018 698 3089 ἑαυτὸν
720 3022 780 3110 μέν
796 3012 833 3090 οὗ
849 3020 1043 3110 πιπράσκει,
1069 3019 1173 3110 ἑαυτῷ
1196 3022 1232 3088 δέ
1248 3011 1379 3087 ὠνεῖται
1396 3072 1404 3087 .
1422 3072 1430 3086 .
1448 3071 1466 3101 .,

487 3131 559 3213 §26
584 3119 620 3197 οὗ
642 3129 719 3214 μέλι
734 3131 846 3215 λαβεῖν
862 3129 962 3212 ἐστιν,
986 3119 1058 3195 ἄλλ’
1074 3123 1172 3196 αὐτόν
1188 3128 1343 3215 γενέσθαι
1358 3119 1468 3216 ηλοκό

580 3262 616 3304 τε
636 3264 671 3305 ον
688 3289 696 3303 .
714 3288 747 3303 ..

487 3346 557 3427 §27
583 3263 690 3435 όῖνρμὴ
717 3290 857 3434 φέρηταί
887 3369 939 3422 τις
960 3334 1031 3410 ini
1053 3348 1111 3434 τῆς
1132 3338 1244 3431 ἀρχῆς,
1275 3336 1346 3408 ἀλλ’
1370 3331 1468 3419 αότός

583 3451 666 3541 νέα
684 3503 691 3517 ·
711 3504 718 3517 ·
737 3504 756 3533 ·‚
1169 3542 1175 3555 ¹

488 3560 559 3642 §32
585 3550 669 3625 ὥστε
686 3610 693 3624 .
712 3607 719 3622 .
738 3609 745 3625 .
763 3557 975 3639 ἐπιστέλλειν,
994 3547 1079 3624 ἄλλα
1095 3552 1141 3646 μη
1159 3547 1228 3625 οἷον
1243 3560 1393 3647 κηφῆνας
1407 3604 1467 3636 ...,

488 3666 560 3750 §36
584 3664 895 3755 δεόημιοορμημένον
933 3660 1187 3755 περιληπτικόν,
1221 3660 1346 3754 μήποτ’
1382 3655 1466 3729 εἶναι

582 3772 618 3840 δὲ
641 3771 859 3853 διαστατικόν,
884 3767 955 3838 ἀλλ’
980 3770 1014 3839 ἓν
1037 3765 1121 3839 εἶναι
1138 3824 1145 3837 .
1164 3824 1171 3838 .
1190 3823 1224 3838 ..

487 3935 602 4023 Neque
617 3934 833 4001 omittendum
849 3945 898 4000 eet
914 3957 991 4000 eum
1014 3934 1127 4019 generi
1142 3932 1237 3999 verbi
1260 3932 1369 3998 activo
1394 3932 1472 3997 dno-

397 4044 460 4110 bus
483 4042 562 4108 locis
578 4064 741 4129 opponere
756 4064 861 4129 genus
877 4042 1057 4129 passivum:
1082 4042 1101 4125 ἓ
1118 4044 1160 4107 28
1177 4038 1470 4131 φέρηται-φέρῃ,

398 4152 477 4237 §38
506 4137 664 4239 όρχειν-
677 4137 836 4237 όρχεσθαι
860 4147 1010 4236 (Schmid
1029 4148 1063 4213 H
1082 4149 1157 4216 281.
1179 4148 1229 4214 IV
1244 4146 1333 4235 504).
1378 4168 1473 4232 para·

401 4258 488 4325 doxa
512 4258 576 4323 dno
600 4265 728 4323 extant:
763 4259 843 4342 §12
868 4250 996 4343 όὶιμυχον
1018 4251 1183 4347 δεσπότην
1206 4250 1363 4343 γραπτόν,
1387 4255 1405 4338 ᾗ
1426 4254 1469 4319 16

398 4361 439 4433 τό
463 4364 524 4453 γὰρ
547 4358 631 4432 αὐτοὶ
655 4360 836 4453 πράγματα
859 4359 906 4453 μη
930 4362 972 4429 τοὶ
996 4352 1080 4429 αότοὶ
1104 4361 1287 4451 φαίνεσθαι
1304 4414 1311 4427 .
1327 4412 1360 4426 ..
