3825 5384
787 641 1008 705 ..13-

361 839 426 905 qua
448 816 572 880 ratione
597 836 676 881 vera
691 813 861 880 beatitudo
877 826 1023 902 paretur3
1049 838 1155 903 neque
1171 817 1311 883 enimin
1333 818 1432 883 rebus

361 923 504 989 externis
526 944 600 987 eam
624 931 781 1005 constare,
805 921 862 987 sed
884 923 919 987 in
941 945 1069 988 morum
1092 926 1183 990 cultu
1206 935 1305 1012 atque
1324 925 1431 991 erudi·

360 1031 459 1112 tione,
481 1029 501 1093 i.
525 1052 552 1097 e.
575 1030 610 1093 in
634 1028 819 1094 exercenda
841 1030 964 1095 virtute
987 1028 1043 1116 (ἐξ
1069 1032 1200 1116 1-12).
1247 1034 1303 1119 qui
1326 1054 1430 1097 mores

362 1137 473 1225 quales
497 1137 570 1219 sint,
594 1137 749 1202 infectis
779 1137 940 1224 dictisque
967 1138 1221 1224 uniuscuiusque
1244 1149 1280 1203 ut
1302 1140 1335 1203 in
1359 1161 1431 1226 spe-

360 1245 441 1311 culis
464 1245 556 1309 cerni
578 1244 636 1329 (—
661 1248 680 1325 5
706 1247 769 1327 27).
816 1244 955 1309 eandem
983 1253 1094 1310 autem
1124 1268 1194 1311 esse
1219 1248 1265 1312 in
1298 1246 1432 1312 civitate

358 1354 531 1434 rationem,
564 1360 598 1416 et
629 1374 741 1415 eornm
775 1352 831 1438 qui
861 1361 978 1437 regant
1011 1361 1044 1416 et
1072 1354 1128 1439 qui
1150 1365 1323 1439 regantur:
1353 1376 1430 1440 crgo

359 1462 387 1526 si
409 1460 520 1540 felices
542 1458 645 1525 velint
668 1482 738 1526 esse
755 1461 856 1542 cives,
879 1483 1146 1548 unumquemque
1161 1484 1221 1547 pro
1236 1462 1323 1527 virili
1337 1472 1430 1549 parte

360 1568 505 1633 conferre
529 1566 649 1632 debere
667 1567 710 1631 ad
726 1566 975 1632 conformandos
989 1590 1096 1633 mores
1112 1573 1170 1649 (—
1186 1573 1206 1650 ἓ
1223 1569 1290 1657 29).
1323 1591 1429 1658 neque

358 1674 504 1739 homines
525 1674 714 1760 peregrinos
738 1674 854 1739 decere
882 1674 1006 1739 fructus
1033 1684 1160 1740 tantum
1184 1699 1227 1741 ex
1254 1677 1336 1742 urba
1357 1676 1429 1743 hos·

359 1784 428 1868 pite
450 1782 630 1868 percipere,
654 1765 713 1846 sed
732 1781 819 1867 ipsos
836 1804 975 1868 quoque,
992 1790 1151 1869 quantum
1167 1784 1304 1870 quisque
1318 1785 1430 1869 possit,

360 1888 516 1955 adiuvare
544 1889 678 1954 civium,
694 1888 833 1953 salutem
856 1888 911 1974 (-
930 1892 950 1971 ξ
967 1888 1035 1973 31).
1081 1897 1151 1955 tum
1175 1893 1285 1977 pergit
1307 1900 1429 1956 orator:

357 2019 392 2062 se
423 1998 530 2082 ipsum
563 2017 600 2061 eo
633 1995 788 2061 libentius
818 1995 897 2061 huic
928 1997 1059 2082 pietatis
1093 1997 1201 2063 officio
1233 1997 1430 2080 satisfacere,

359 2091 445 2192 quod
468 2105 537 2189 ipse
552 2102 742 2190 profiteatur
758 2113 862 2168 artem
877 2102 967 2168 illam
983 2102 1122 2169 docendi
1139 2097 1308 2170 virtutem:
1332 2114 1430 2193 atque

357 2213 423 2278 iam
450 2232 547 2297 saepe
575 2233 609 2275 se
638 2208 851 2292 orationibus,
885 2233 966 2297 quas
992 2211 1027 2274 in
1054 2210 1137 2277 n'rbe
1167 2213 1230 2277 ista
1252 2210 1429 2294 habuisset,

359 2320 447 2385 cives
469 2318 633 2383 hortatum
656 2302 733 2399 asse,
764 2339 806 2382 ne
828 2316 913 2383 bono
940 2317 1073 2403 publico
1102 2318 1266 2403 obessent3
1299 2320 1429 2385 mitten·

359 2426 436 2491 dum
460 2447 529 2492 esse
551 2424 747 2499 fractionum
772 2447 856 2512 quae
879 2447 922 2489 ex
944 2423 1066 2492 theatri
1087 2449 1148 2491 usu
1168 2436 1342 2492 nascantur
1363 2436 1428 2492 stu-

360 2533 459 2615 diur'n,
483 2532 625 2598 tollenda
648 2555 805 2619 equorum
829 2534 1001 2617 curricula,
1026 2534 1126 2599 finem
1149 2556 1219 2599 esse
1241 2533 1429 2598 faciendum

356 2634 522 2729 perpetuis
546 2641 587 2707 de
611 2642 733 2727 optimo
758 2640 893 2707 deorum
917 2642 1009 2709 cultu
1033 2642 1274 2708 controversiis.
1313 2642 1429 2707 eadem

356 2750 438 2814 vitia
459 2750 567 2835 ipsum
590 2748 792 2834 praefectum
815 2749 935 2814 iterum
954 2760 1053 2836 atque
1068 2750 1186 2815 iterum
1208 2750 1275 2814 iam
1300 2750 1429 2835 scriptis

355 2858 423 2922 suis
454 2856 585 2943 probriu
617 2856 733 2921 fecisse
765 2855 1000 2923 Alexandrinis
1032 2861 1090 2941 (-
1120 2859 1228 2941 540).
1281 2867 1314 2921 et
1344 2856 1428 2921 haec

358 2963 398 3028 de
428 2963 591 3050 prioribus
623 2965 691 3029 suis
723 2962 937 3049 orationibus3
973 2987 1077 3050 nuper
1108 2972 1217 3028 autem
1246 2963 1287 3029 (16
1315 2986 1427 3029 eornm

357 3073 414 3159 qui
450 3081 655 3157 regerentur,
693 3071 882 3137 condicione
921 3093 955 3136 se
988 3070 1195 3155 disseruisse,
1232 3093 1321 3136 nunc
1353 3092 1427 3136 cum

355 3180 425 3265 ipso
444 3178 530 3245 adsit
552 3178 748 3265 praefectus,
772 3201 906 3244 necesse
930 3200 1000 3243 esse
1023 3178 1128 3244 verba
1150 3178 1223 3243 fieri
1247 3177 1286 3243 de
1309 3199 1347 3242 eo
1371 3179 1427 3265 qui

355 3295 457 3373 rogat.
513 3297 610 3372 atque
643 3287 711 3351 eius
741 3285 874 3373 quidem
902 3285 1077 3372 plurimum
1103 3287 1262 3361 interesse
1295 3284 1425 3368 debere,

355 3402 391 3459 ut
422 3404 574 3480 pareant,
609 3393 665 3479 qui
696 3394 765 3457 eius
797 3394 933 3479 imperio
967 3393 1030 3457 sint
1062 3391 1211 3459 subiecti.
1268 3415 1347 3480 quos
1379 3393 1427 3457 ita

354 3510 483 3566 tantum
505 3502 540 3566 in
564 3501 670 3566 officio
694 3502 835 3566 retinere
857 3499 950 3565 illum
971 3523 1076 3587 posse,
1100 3509 1137 3564 ut
1155 3501 1227 3585 ipss
1246 3500 1289 3564 sit
1303 3501 1427 3586 peritus

356 3609 435 3673 artis
457 3608 648 3676 rhetoricae.

373 3732 376 3741 ’
422 3715 534 3780 ·Haec
562 3723 636 3779 sunt
663 3736 748 3803 qnae
777 3715 988 3780 exoratione
1012 3724 1143 3780 servata
1175 3724 1270 3798 sunt,
1299 3712 1426 3801 reliqua

353 3844 428 3911 pars
450 3822 584 3887 interiit.
640 3845 747 3909 neque
776 3845 848 3887 eam
875 3845 1013 3909 parvam
1040 3822 1139 3886 fuisse
1168 3820 1246 3885 inde
1275 3820 1426 3907 colligere

354 3928 441 4012 licet,
465 3929 553 4016 quod
576 3939 645 3995 tota
667 3930 729 3996 fuit
747 3930 787 3995 de
803 3929 1005 3994 institutione
1020 3919 1194 4010 rhetorica,
1219 3950 1317 4014 qnam
1341 3950 1424 3992 sum-

354 4036 414 4101 mis
445 4034 595 4103 laudibus
624 4038 739 4103 efferre
769 4037 889 4102 oratori
918 4035 1080 4123 sophistae
1103 4045 1191 4101 certo
1215 4033 1312 4099 valde
1336 4036 1426 4099 cordi

355 4154 435 4213 erat.
466 4153 556 4231 patet
570 4144 679 4230 igitur,
698 4145 936 4231 prooemium
951 4152 1100 4209 tantum
1116 4141 1320 4228 amplioris
1339 4163 1425 4208 ora-

353 4250 473 4319 tionis
500 4250 614 4317 nobis
646 4260 849 4319 servatum
880 4273 980 4335 csse,
1012 4248 1104 4316 cuius
1135 4247 1276 4314 ambitus
1307 4250 1335 4314 si
1362 4247 1424 4313 tibi

356 4356 590 4424 dubitationem
623 4358 664 4423 de
695 4358 808 4423 iudicii
836 4348 944 4425 ¹nostri
975 4357 1117 4437 veritate
1149 4355 1290 4434 inliciat,
1324 4354 1423 4421 velim
