3825 5384
832 616 1053 681 ,49-

408 795 473 881 qui,
496 804 532 859 ut
552 795 617 858 iam
634 796 692 879 §4
715 792 861 879 sophista
883 793 1116 877 interpretatus
1140 801 1188 857 est
1202 792 1340 858 Homeri
1354 816 1479 877 versus,

405 902 453 966 ita
474 900 526 965 his
545 897 655 967 verbis
676 921 828 965 enarrare
844 922 919 965 eum
934 898 1005 964 vult
1024 899 1123 964 verba
1144 896 1229 984 μετά
1252 923 1365 989 σφισιν
1388 893 1479 968 εἷσαν

406 997 547 1096 ὅγοντες.
594 1008 652 1073 sed
674 1006 882 1093 gravioribus
908 1006 1100 1092 corruptelis
1126 1006 1288 1072 turbatus
1305 1016 1353 1071 est
1376 1007 1475 1090 locust

408 1138 505 1201 quem
536 1125 572 1181 ut
600 1124 689 1180 certa
716 1115 841 1180 ratione
865 1114 913 1178 uti
935 1114 1045 1183 liceat.
1095 1115 1236 1197 accedit,
1269 1114 1355 1201 quod
1383 1116 1480 1179 etiam

406 1223 585 1309 sequentia,
610 1222 719 1308 qualia
742 1229 865 1303 extent,
889 1221 1040 1307 expediri
1058 1231 1234 1307 nequeunt.
1274 1221 1477 1287 desideratur

405 1331 491 1394 enim
508 1330 708 1395 adiectivum
725 1328 866 1415 aliquod,
890 1351 908 1393 e
932 1351 995 1415 quo
1019 1338 1114 1415 aptus
1137 1330 1179 1394 sit
1202 1351 1296 1393 cesus
1311 1330 1476 1414 genitivus

285 1438 286 1441 '
405 1443 464 1527 τῆς
487 1434 698 1527 φιλοσοφίας.
737 1435 793 1501 sed
810 1435 849 1501 of.
865 1435 990 1501 Anecd.
1014 1434 1072 1500 Gr.
1096 1435 1146 1500 ed.
1160 1435 1296 1500 Bekker
1314 1435 1424 1520 1421,
1439 1438 1475 1503 5:

404 1534 606 1631 ἅπελλητοί·
640 1534 891 1631 ἀνταγωνισταί,
931 1539 1115 1627 Αἰσχύλος;
1147 1542 1224 1607 hinc
1255 1543 1474 1609 Reitzenstein

404 1650 634 1737 explicandum
667 1659 761 1736 putat
791 1650 899 1715 locum
926 1648 1213 1736 scribendumque:
1243 1649 1301 1718 cdv
1332 1640 1477 1741 οἷπελλη-

402 1750 516 1843 (τόν).
545 1795 589 1806 -
618 1752 724 1847 ἀμελῆ
755 1756 832 1823 Keil
865 1758 1018 1841 coniecit3
1053 1780 1117 1844 qua
1148 1756 1215 1823 levi
1247 1758 1472 1823 emendatione

403 1888 600 1952 quamquem
646 1864 883 1951 elegantissime
927 1865 1100 1950 corrigitur
1138 1866 1318 1947 sententia,
1364 1876 1474 1930 tamen

403 1967 589 2063 ἆοελληοὸν
620 1974 761 2038 retinere
795 1972 913 2055 malui,
950 1995 1025 2037 curn
1056 1982 1089 2038 et
1119 1974 1154 2037 in
1186 1971 1296 2036 eadem
1329 1973 1472 2057 imagine

402 2092 562 2162 versetur,
590 2103 654 2166 qua
678 2090 774 2145 antea
796 2102 874 2145 usus
898 2090 946 2145 est
970 2090 1089 2163 orator,
1117 2088 1149 2144 et
1170 2102 1229 2165 pro
1253 2068 1358 2169 οἶμελῆ
1389 2071 1475 2167 ysod-

401 2210 497 2270 μενον
525 2196 696 2273 expectem
724 2180 915 2271 ἀμελοῦντα.
962 2186 1056 2273 plura
1081 2197 1190 2251 autem
1214 2186 1374 2251 excidisse
1398 2195 1473 2251 ante

404 2288 574 2376 ὡσαύτως,
604 2316 642 2359 οο
667 2294 830 2375 docemur,
862 2293 948 2380 quod
973 2293 1065 2359 deest
1087 2292 1240 2376 verbum,
1267 2295 1320 2358 oui
1342 2293 1474 2359 subiun-

402 2411 498 2486 gatur
521 2402 700 2467 accusativi
723 2424 799 2466 cum
819 2401 981 2467 infinitivo
1011 2402 1176 2466 coniuncti
1203 2411 1380 2485 structura3
1412 2401 1474 2466 for·
1499 2404 1500 2407 ’

401 2515 485 2573 tasse
517 2518 589 2574 orta
612 2518 661 2573 est
685 2518 862 2591 structura,
896 2531 981 2595 quae
1004 2530 1092 2573 nunc
1119 2519 1182 2592 est,
1211 2531 1253 2573 ex
1276 2510 1475 2596 excerptoris

400 2616 615 2701 negligentia,
644 2616 701 2702 qui
728 2615 891 2701 sophistae
914 2614 1019 2681 verba
1040 2639 1106 2682 non
1129 2625 1220 2681 recta
1242 2616 1386 2682 oratione
1409 2626 1473 2681 tra·

401 2722 497 2799 didit,
531 2722 587 2787 sed
619 2722 760 2809 obliqua.
807 2732 907 2788 restat
935 2722 999 2787 alie
1029 2723 1215 2788 extricandi
1247 2723 1335 2788 hunc
1365 2722 1473 2788 locum

400 2830 496 2915 reti03
531 2830 669 2895 multum
698 2832 785 2896 enim
813 2829 963 2895 videmus
987 2853 1058 2896 esse
1082 2829 1259 2916 sophistam
1282 2831 1317 2895 in
1341 2830 1471 2897 citando

400 2948 457 3002 aut
480 2937 568 3003 facta
592 2949 649 3003 aut
669 2937 759 3002 dicta
774 2939 919 3003 virorum
938 2938 975 3002 in
990 2936 1108 3023 vulgus
1123 2948 1273 3003 notorum
1294 2935 1348 3024 (cf.
1361 2961 1391 3024 p.
1405 2936 1471 3022 29).

401 3055 433 3110 et
455 3054 547 3110 extat
571 3044 704 3131 quidem
726 3043 858 3131 Apelles
892 3044 1025 3132 aliquis,
1059 3067 1156 3131 quem
1187 3044 1250 3109 hoc
1281 3044 1351 3110 loco
1384 3045 1472 3109 dicas

400 3151 613 3239 appellatum,
646 3151 784 3237 Epicuri
816 3152 1009 3239 discipulus,
1044 3151 1085 3217 de
1118 3174 1181 3238 quo
1212 3151 1344 3217 uberius
1372 3150 1472 3217 Athe-

399 3282 501 3325 naeus
516 3259 603 3323 XHI
626 3257 722 3327 588².
763 3258 803 3324 cf.
819 3260 901 3337 Plut.
918 3282 998 3324 mor.
1018 3261 1102 3326 1099
1115 3259 1157 3325 D.
1181 3260 1239 3324 sed
1253 3260 1370 3338 nescio,
1394 3282 1472 3323 num

401 3366 480 3453 quid
501 3365 683 3432 intercedet
707 3389 878 3432 commune
900 3366 977 3431 huic
997 3366 1135 3452 Apellae
1159 3388 1234 3432 cum
1255 3366 1392 3431 Homeri
1413 3389 1472 3452 pu·

399 3474 475 3560 gile,
500 3473 675 3561 malimque
699 3472 854 3539 hocloco
879 3474 919 3539 de
947 3474 1110 3540 universis
1136 3472 1336 3560 philosophis
1360 3473 1470 3539 dicere

400 3593 562 3648 oratorem
586 3605 685 3668 quam
709 3582 749 3647 de
772 3603 837 3646 uno
858 3579 984 3667 Apella.

356 3695 376 3761 6
489 3688 543 3754 Ad
576 3688 756 3775 Orobylum
789 3688 829 3753 cf.
854 3688 939 3753 Plut.
968 3712 1046 3755 mor.
1072 3692 1134 3757 187
1145 3689 1185 3757 Ε.
1232 3686 1322 3755 Orat.
1345 3688 1414 3753 Att.
1438 3689 1474 3753 Π

399 3798 459 3882 frg.
483 3796 574 3861 XLI.
599 3835 642 3844 -
665 3807 738 3882 post
763 3789 937 3885 ἡγεμονίαν
959 3795 1114 3861 nonnulla
1137 3795 1340 3861 exciderunt.
1388 3819 1472 3883 quae

399 3905 514 3990 Bergk
536 3906 703 3991 proposuit
726 3902 831 3989 (PLG
849 3902 901 3967 HI
921 3903 998 3969 527.
1022 3903 1084 3988 frg.
1104 3903 1208 3970 195ss
1222 3903 1248 3989 ⁴)
1271 3903 1349 3992 μηδ’
1366 3896 1471 3991 ἀπρο-

400 4011 572 4101 φασίστους
594 4007 765 4092 δουλεύειν,
790 4011 976 4084 intextum
996 4011 1145 4097 recipere
1159 4010 1262 4095 nolui3
1287 4032 1363 4074 nam
1378 4011 1472 4096 plura

401 4120 513 4185 deesse
543 4141 582 4184 eo
610 4119 676 4183 iam
700 4117 864 4203 docemur,
894 4119 981 4208 quod
1004 4140 1071 4183 vox
1094 4112 1356 4207 ἀπροφασίστως
1378 4116 1470 4184 aSi·

399 4226 539 4291 monidis
564 4226 704 4291 dictione
738 4227 868 4291 omnino
901 4236 950 4292 est
982 4225 1102 4306 aliena,
1135 4226 1273 4312 ideoque
1295 4234 1400 4290 totum
1423 4224 1472 4290 Si-

399 4332 539 4399 monidis
571 4332 680 4399 locum
711 4333 871 4399 excidisse
899 4334 1107 4399 statuendum
1132 4342 1190 4398 est.
1237 4331 1316 4397 mihi
1339 4333 1470 4419 quidem
