3825 5384
847 666 1069 732 ..64-

425 844 486 934 χὰρ
509 846 587 934 περὶ
610 839 652 913 τοί
674 844 807 933 πρακτὰ
831 838 915 912 εἶναι
938 842 997 935 τὴν
1012 841 1108 934 τύχην
1124 844 1274 930 (197b2);
1300 869 1363 932 quo
1387 856 1495 912 autem

423 952 519 1017 modo
546 950 737 1017 Aristoteles
768 952 907 1037 intelligi
938 952 1010 1017 vult
1037 951 1075 1019 τὸ
1100 949 1268 1039 πράττειν,
1292 952 1398 1018 elucet
1422 977 1440 1019 e
1463 975 1494 1039 p,

427 1060 534 1125 197b6
551 1082 634 1146 sqq.:
659 1052 733 1127 ούτε
756 1048 884 1145 ύψυχον
907 1053 1223 1149 <teutonicaeque
1240 1048 1312 1127 ούτε
1328 1060 1496 1128 παιδίον

424 1173 518 1235 ποιεῖ
541 1156 612 1235 <ind
645 1160 755 1257 τύχης,
790 1159 840 1235 ὅτι
873 1161 930 1233 ούκ
963 1164 1027 1252 ἔχει
1060 1166 1262 1255 προαίρεσιν.
1308 1191 1374 1233 non
1396 1169 1495 1254 igitur

424 1274 532 1341 omnia
555 1273 723 1358 animalia,
748 1296 830 1361 quae
855 1297 953 1361 agere
976 1285 1122 1359 possunt,
1147 1264 1219 1342 ύπὸ
1242 1271 1340 1364 τύχης
1362 1284 1495 1361 possunt

424 1404 534 1467 agere,
563 1381 620 1445 sed
648 1402 686 1445 ea
710 1381 788 1464 sola,
817 1382 873 1467 qui
900 1382 1025 1445 ratione
1058 1392 1204 1446 utuntur.
1252 1381 1328 1445 inde
1361 1392 1496 1467 apparet

424 1489 586 1553 artissime
629 1488 918 1575 circumscripsisse
951 1487 1159 1555 Aristotelem
1190 1487 1367 1554 verborum
1399 1487 1496 1579 τύχης

425 1607 457 1661 et
473 1588 659 1679 αὐτομάτου
674 1597 831 1679 notiones,
849 1618 929 1683 quas
945 1607 1054 1661 noster
1069 1596 1252 1662 confudisse
1263 1596 1344 1660 mihi
1354 1597 1494 1680 videtur,

425 1725 500 1769 cum
521 1698 620 1792 τύχην
642 1703 852 1769 contenderet
874 1704 953 1789 poni
976 1703 1056 1791 περὶ
1080 1697 1280 1792 ἀνθρώπων,
1304 1704 1326 1767 i.
1343 1726 1371 1768 e.
1396 1704 1495 1769 etiam

422 1810 501 1899 περὶ
523 1809 673 1877 παιδίων
698 1848 736 1857 -
763 1810 820 1875 sed
850 1810 889 1877 cf
913 1832 1011 1896 supra
1032 1807 1135 1876 Arist.
1160 1811 1284 1891 197b6,
1313 1833 1411 1898 quem
1439 1834 1495 1875 ex·

424 1919 539 2004 scripsi
553 1918 661 1983 locum
677 1955 731 1999 —,
747 1906 954 2002 ταύτύματον
970 1926 1078 1983 autem
1095 1918 1173 2005 περί
1190 1912 1337 2005 ἀψύχων,
1355 1940 1495 2004 quocum
1583 1921 1587 1925 “

424 2034 549 2111 pugnat
563 2024 747 2091 Aristotelis
770 2024 849 2089 illud
873 2020 910 2094 τύ
935 2018 1153 2110 δἀύτύματον
1174 2026 1233 2092 καὶ
1256 2031 1339 2105 τοῖς
1363 2019 1495 2103 ύίλλοις

425 2128 538 2223 ζηίσις
560 2132 617 2199 καί
639 2132 778 2211 πολλοῖς
800 2138 867 2199 ταῖν
890 2126 1028 2220 ἀψύχων
1048 2132 1215 2220 (197b13).
1232 2174 1275 2183 -
1292 2133 1336 2197 ad
1358 2124 1392 2199 εύ
1415 2130 1495 2199 δ’ἔτι

425 2238 627 2328 ὁιελίχχομεν
649 2240 736 2308 κτλι
769 2248 838 2307 tota
870 2240 1066 2326 antiquitate
1099 2241 1133 2305 in
1166 2249 1235 2305 arte
1264 2239 1440 2325 sophistica
1462 2250 1496 2304 et

425 2346 586 2412 rhetorica
610 2348 693 2412 duae
722 2346 879 2411 extabant
906 2348 1062 2430 rationes,
1095 2369 1234 2432 quarum
1262 2346 1367 2414 altera
1394 2346 1495 2411 animi

425 2454 568 2520 indolem
583 2463 653 2519 arte
670 2464 702 2519 et
719 2454 954 2520 exercitatione
974 2454 1238 2519 conformandam
1257 2476 1327 2519 esse
1347 2453 1494 2532 docebat,

423 2562 526 2629 altera
548 2560 638 2626 nulla
664 2561 867 2625 institutione
899 2560 1090 2626 autumabat
1121 2583 1202 2647 opus
1230 2584 1313 2643 esse,
1346 2562 1404 2626 sed
1427 2559 1495 2626 sola

423 2668 659 2734 consuetudine
681 2668 805 2753 ingenii
827 2667 997 2733 facultates
1020 2677 1052 2732 et
1075 2690 1152 2732 casu
1174 2668 1243 2733 fere
1266 2690 1360 2754 posse
1380 2668 1494 2733 excoli.

422 2779 457 2841 in
488 2775 572 2840 hanc
605 2785 714 2841 autem
746 2776 933 2860 opinionem
966 2777 1088 2841 iuravit
1117 2775 1182 2858 ille,
1217 2778 1270 2839 cui
1301 2776 1494 2840 adversatur

423 2894 548 2967 noster,
577 2883 669 2948 cuius
697 2894 889 2969 argumenta
911 2882 973 2947 hoe
1000 2881 1109 2947 libello
1137 2882 1281 2948 refutare
1308 2881 1416 2947 studet
1438 2882 1492 2970 (cf.

423 2991 544 3077 p.14);
573 2990 685 3055 obiicit
715 2990 748 3075 1)
774 3013 863 3071 eum,
894 3012 1092 3077 quamquam
1120 2999 1245 3054 tantam
1274 2990 1342 3052 vim
1372 2988 1493 3053 tribuat

423 3098 583 3181 fortunae,
606 3108 716 3162 tamen
740 3097 937 3163 confundere
953 3096 1126 3162 verborum
1150 3091 1336 3180 αύτομοίτου
1352 3105 1384 3161 et
1399 3091 1494 3183 τύχης

421 3206 569 3271 notiones
594 3205 761 3291 (refirtatio
794 3194 863 3272 οίπό
896 3210 954 3271 τοῦ
987 3200 1197 3293 προσώπου),
1231 3206 1263 3287 2)
1287 3225 1362 3268 eum
1383 3202 1493 3267 facere

421 3336 487 3378 non
510 3333 614 3398 posse,
639 3314 717 3399 quin
737 3312 835 3377 etiam
862 3313 1017 3377 virtutem
1045 3334 1124 3376 casu
1146 3311 1238 3375 nasci
1262 3309 1434 3394 concedat3
1458 3308 1493 3373 id

422 3430 533 3485 autem
564 3418 652 3484 nullo
688 3429 784 3505 pacto
821 3440 915 3505 posse
951 3419 1038 3502 fieri,
1062 3418 1132 3485 ¹nisi
1168 3417 1252 3483 forte
1284 3415 1492 3505 Empedoclis

423 3529 604 3594 doctrinam
632 3526 711 3590 velit
738 3525 889 3612 probare.
935 3526 1121 3612 quodcum
1149 3523 1325 3591 verisimile
1351 3523 1492 3604 nonsit,

420 3633 643 3700 necessarie
690 3655 727 3698 se
775 3636 884 3698 omnia
930 3636 1000 3699 eius
1046 3644 1239 3719 argumenta
1284 3629 1490 3696 refellisse.

422 3743 558 3807 dubium
580 3742 678 3825 igitur
700 3764 766 3805 non
789 3750 849 3823 cst,
875 3741 955 3828 quin
983 3740 1083 3804 Keilii
1104 3738 1330 3804 emendatione
1354 3728 1389 3804 εύ
1412 3734 1493 3803 δ’ίτι

421 3849 623 3937 ύιελέγχομεν
646 3872 725 3913 vera
747 3850 959 3914 restituantur
980 3846 1095 3912 verba.
1112 3883 1152 3893 -
1171 3847 1214 3911 ad
1236 3842 1312 3934 ὂύξη
1333 3839 1491 3930 Ἐμπεδο-

420 3956 530 4035 κλέους
554 3956 593 4019 cf.
624 3955 720 4021 schol.
744 3957 779 4020 in
802 3955 932 4022 Aristol.
956 3956 1080 4023 echela:
1105 3944 1318 4039 Ἐμπεδοκλεῖ
1340 3945 1412 4017 ἀπὸ
1435 3956 1493 4039 τῆς

421 4061 609 4150 ἐναρμονίου
630 4070 695 4130 τῶν
718 4063 889 4149 στοιχείων
911 4063 1032 4149 μίξεως
1058 4063 1118 4140 τὰς
1147 4054 1329 4150 ποιύτητας
1351 4050 1491 4147 οίναφαί-

420 4196 518 4239 νοντι.
584 4173 650 4235 iam
688 4179 815 4237 veteres
852 4170 1087 4237 intellexerunt
1124 4166 1182 4257 την
1220 4161 1317 4257 τύχην
1355 4165 1492 4230 alicuius

418 4280 573 4344 momenti
596 4278 685 4363 apud
707 4276 938 4364 Empedoclem
957 4300 1036 4361 esse,
1059 4298 1133 4342 oum
1155 4269 1215 4364 την
1238 4280 1302 4340 τῶν
1325 4269 1491 4356 στοιχείων

418 4391 533 4473 κρᾶσιν
559 4384 646 4450 nullo
675 4386 869 4472 scriptorum
897 4408 1027 4451 suorum
1055 4383 1125 4449 loco
1155 4383 1252 4447 certis
1281 4383 1401 4446 normis
1430 4379 1490 4443 cir·
